3482 4834
507 215 583 288 ror
684 158 842 276 u'o'ut
879 139 1028 274 nera
1059 197 1442 276 rnunrroaon

507 397 598 494 (pag.
610 389 689 488 πο.)
706 384 1406 488 quaeeademproportioIan'rchardo-III.
1420 385 1627 464 Iuitlervrtal
1725 479 1728 486 Ι

509 496 604 596 (pag.
617 499 691 584 21.)
700 495 781 564 item
790 491 845 563 Iob
854 492 1007 563 Henrico
1016 493 1089 574 VII,
1103 488 1280 588 (pegma.)
1288 489 1371 560 etad
1380 493 1521 562 Henrici
1529 495 1625 568 v111.

510 619 633 673 amaum
662 590 981 683 duodevigesimum.
1057 591 1152 682 (Peg.
1175 598 1253 685 23·)
1285 585 1361 662 Post
1381 591 1472 662 hunc
1496 611 1625 667 annum

508 695 625 774 omiIIa
646 692 783 768 librabo
805 691 891 766 ditia
905 695 1038 782 turrita,
1059 717 1143 788 quae
1160 692 1224 765 sola
1243 689 1351 764 adhuc
1369 693 1404 764 in
1421 691 1479 764 usu
1500 692 1623 781 fuerat,

508 815 645 898 recepta
659 798 719 869 fnit
732 783 814 871 libra
828 791 1021 878 Trecentis,
1048 791 1221 866 excedens'
1233 795 1331 880 illam,
1359 791 1529 890 pondere,
1553 821 1623 868 una

509 903 641 974 decima
666 899 770 983 sexam
817 922 900 994 quae
920 895 1119 972 etiamlibre
1144 898 1236 992 cepit
1256 902 1499 968 incrementum
1519 898 1622 969 unius

508 1001 657 1076 euriae.
684 1037 688 1044 ·
708 1004 757 1090 (P.
775 1003 850 1093 24.)
879 1001 947 1082 Qui
965 997 1056 1070 idem
1075 1000 1245 1070 Henricus
1268 1023 1355 1070 anno
1380 1001 1476 1088 regni
1496 997 1541 1068 sui
1562 1001 1623 1070 tri·

509 1099 635 1198 gefimo
660 1117 776 1200 quarto
806 1104 952 1204 primum
983 1099 1093 1171 cudit.
1111 1125 1287 1186 nummum
1317 1115 1473 1171 vocatum
1496 1097 1624 1194 tesloon,

484 1237 488 1244 ’
507 1203 602 1301 quod
628 1230 753 1294 nomen
774 1203 903 1299 accepit
919 1227 936 1272 a
954 1201 1114 1300 capitibus
1133 1203 1323 1300 principum
1337 1201 1466 1286 Italiae,
1487 1201 1537 1272 vel
1553 1205 1642 1288 Lus
1710 1239 1722 1258 κ

380 1346 386 1356 ⁴
445 1401 448 1414 Ι
510 1306 623 1380 devici
638 1309 710 1377 XII.
736 1301 976 1378 Gallofranciae
997 1305 1104 1394 regis,
1137 1301 1324 1397 primorum
1347 1303 1418 1372 eius
1434 1300 1624 1390 austorum,
1693 1353 1698 1358 -

510 1407 631 1506 quibus
659 1422 729 1479 erat
753 1403 898 1499 infignis.
949 1407 997 1493 (Ρ.
1015 1403 1093 1504 25.)
1120 1407 1202 1475 Hoc
1228 1408 1327 1476 etiem
1355 1419 1511 1500 tempore
1538 1403 1624 1478 libra

509 1510 646 1608 Sturlr'ug
661 1513 806 1605 primum
826 1508 937 1604 pretio
953 1503 1009 1578 Iu'o
1020 1509 1160 1576 interno
1174 1501 1221 1576 est
1236 1503 1415 1590 deminuta,
1444 1509 1488 1576 ita
1502 1521 1540 1578 ut
1551 1509 1623 1580 iam

510 1638 584 1687 non
598 1613 735 1706 caperet
754 1607 811 1681 nifi
829 1608 948 1678 decem
961 1611 1073 1712 uncias
1091 1613 1243 1700 argenti,
1276 1623 1311 1680 et
1330 1606 1410 1707 duas
1433 1610 1544 1706 uncias
1564 1609 1624 1680 ad·

507 1715 602 1786 ‘mixti
626 1715 732 1810 cupri.
786 1715 881 1794 Quae
902 1708 1085 1780 deminutio
1105 1735 1191 1780 antro
1214 1707 1366 1782 eiusdem
1389 1711 1476 1800 regis
1495 1707 1635 1800 trigeli-‘

509 1839 569 1888 mo
592 1812 680 1884 sexto
702 1813 743 1884 ad
757 1814 904 1884 'cuiusvis
918 1810 1042 1881 metalli
1061 1809 1144 1880 adeo
1162 1809 1333 1882 dimidium
1349 1811 1444 1896 abiit;
1470 1813 1547 1906 quin
1562 1815 1624 1882 tri·

511 1915 637 2008 gefimo
664 1916 805 2012 septimo
827 1911 910 1984 libra
931 1938 1002 1984 non
1026 1911 1087 1992 fuit
1119 1911 1178 1988 rufi
1201 1927 1346 2017 quatuor
1374 1915 1545 1988 unciarum
1568 1937 1624 1986 ar·
1683 1995 1689 2002 ,

489 2009 621 2112 ¹genti,
647 2013 900 2113 etotlocupti.
1345 2025 1346 2028 ’
1445 2081 1447 2086 ,
1575 2085 1583 2096 ,

563 2123 610 2209 (Ρ,
629 2117 709 2218 27.)
735 2117 877 2190 Eduardi
903 2123 961 2198 VL
999 2143 1087 2191 anno
1121 2121 1238 2216 quinto
1264 2118 1366 2192 librae
1394 2116 1623 2192 Trec..valor

511 2225 688 2316 quinquies
712 2218 885 2317 superabat
910 2217 1057 2291 valorem
1079 2247 1167 2292 anno
1188 2220 1356 2316 trigesimo
1373 2222 1459 2292 sexto
1477 2223 1637 2292 Henrici‘

473 2387 476 2392 ,
510 2327 601 2394 VIII.
619 2321 846 2414 obtinentem,
875 2321 1027 2416 adeoque
1045 2321 1126 2393 libra
1141 2323 1275 2420 Strrlr‘ng
1290 2349 1306 2393 a
1320 2331 1352 2418 ξ,
1370 2319 1415 2406 est
1431 2318 1564 2424 redatla
1580 2321 1626 2396 ad
1670 2351 1673 2357 ·

292 2421 297 2446 '⁴
411 2430 415 2438 '
513 2431 561 2520 ἦ.
587 2421 691 2496 librae
715 2421 942 2519 ponderantis.
994 2426 1121 2494 Verum
1142 2423 1270 2496 eodem
1289 2427 1395 2496 adbuc
1419 2451 1506 2497 anno
1525 2425 1623 2498 valor
1732 2461 1734 2464 ·

510 2525 609 2601 rediit
634 2523 792 2596 adunam
818 2546 967 2620 quartam
988 2527 1117 2620 prioris.
1169 2522 1222 2621 (P.
1239 2527 1317 2617 28.)
1344 2533 1437 2598 Tum
1452 2529 1552 2598 etiam
1573 2527 1632 2598 iu·'

449 2675 454 2688 ι
510 2645 645 2701 ternum
660 2649 872 2696 nummorum
886 2619 1016 2696 anuum
1032 2627 1176 2720 pretium
1198 2623 1255 2710 est,
1280 2631 1323 2699 ita
1337 2644 1375 2699 ut
1389 2627 1543 2700 undecim
1558 2653 1624 2699 un·

511 2733 570 2803 ciis
597 2732 720 2822 unique
741 2725 875 2797 denario
893 2729 1020 2817 argenti
1037 2725 1290 2800 admiscerentur
1302 2729 1503 2821 undeuiginti
1518 2727 1620 2800 dena·

510 2835 559 2906 rii.
609 2827 703 2900 Idem
728 2853 800 2908 rex,
826 2829 970 2897 imitatus
989 2827 1126 2900 alienam
1145 2834 1333 2928 principum
1351 2831 1516 2926 exempla,
1547 2833 1620 2926 pri·

509 2957 584 3004 mus
606 2929 763 3028 procudit
784 2944 965 3002 coronatos
989 2927 1031 3000 fic
1053 2924 1159 3002 ditlos
1181 2951 1382 3024 argenteos,
1414 2935 1524 3006 aureis·
1542 2953 1625 3030 pre·
1694 2999 1728 3014 ,.

509 3038 557 3106 tio
586 3031 748 3128 aequales.
1052 3049 1056 3055 “
1512 3107 1523 3123 χ
1616 3111 1620 3122 ,

561 3137 609 3222 (Ρ.
622 3127 707 3224 ¹32.)
736 3137 836 3204 Anno
861 3134 1029 3229 regnantis
1055 3133 1260 3208 Elisabetbae
1281 3135 1424 3208 secundo
1446 3134 1624 3231 pristinum

510 3234 592 3306 illud
608 3257 748 3329 normae
766 3235 884 3302 veteris
907 3235 1051 3328 pretium
1070 3241 1213 3308 nummis
1236 3237 1400 3309 redditum
1422 3233 1484 3317 est,
1518 3241 1625 3318 itaut

510 3339 724 3408 continerent
737 3335 919 3406 11.·uncias
940 3357 971 3410 2,
983 3333 1136 3411 denarios
1156 3343 1286 3430 argenti
1303 3343 1387 3436 puri,
1402 3351 1455 3424 18.
1474 3339 1622 3412 denariis

511 3437 667 3508 admixtis.
717 3439 806 3505 Vera
819 3451 930 3505 autem
944 3433 1045 3508 librae
1055 3441 1201 3538 Sterling,
1216 3457 1371 3536 tempore
1389 3443 1623 3538 occupationis

510 3540 761 3610 Normannicae
777 3532 921 3623 usstatae,
949 3553 983 3608 et
995 3540 1173 3636 praesentis
1188 3545 1376 3637 proportio,
1396 3556 1547 3614 accurate
1563 3567 1622 3612 ex·

288 3657 298 3670 ·
376 3654 392 3676 “-
511 3641 666 3736 primitur
685 3663 747 3735 per
768 3645 945 3709 rationem:
973 3640 1162 3733 93.ad32.
1214 3641 1362 3740 (P.34·)
1385 3644 1638 3748 Quaeflidem

508 3741 727 3838 perseveravit
745 3753 905 3831 regnante
922 3740 1043 3812 Iacobo
1065 3745 1090 3813 I.

535 3847 545 3860 ”
562 3845 613 3928 (Ρ.
635 3861 691 3930 35.
706 3839 791 3937 sqq.)
819 3839 957 3912 Carolus
975 3847 1001 3913 Ι.
1026 3858 1060 3914 et
1078 3845 1185 3916 varios
1208 3871 1363 3920 nummos
1383 3853 1419 3920 in
1445 3853 1541 3920 variis
1561 3875 1624 3924 ur·

510 3938 623 4042 bibus,
655 3955 692 4014 ut
710 3941 872 4037 Londiui,
902 3940 1062 4041 Eboraci,
1095 3945 1324 4042 Aberisuithi,
1355 3952 1627 4128 Quouiaethe·

998 4093 1005 4104 -
1559 4079 1627 4140 tae,
