3482 4834
32 351 38 358 ,
134 245 166 378 J
242 265 997 392 nrusrsunrrnuroccaxu.
1058 297 1072 354 a
1127 287 1210 386 ,032
1272 353 1328 386 Ι,
1418 313 1423 326 ·

80 483 151 534 ner
171 479 212 532 or
227 456 429 552 Moneyer’s
446 453 594 548 Pound,)
618 457 817 547 continens,
842 461 890 532 uti
915 461 1000 558 apud
1019 468 1203 560 Romanoa,
1294 517 1297 524 ‚

82 559 268 632 duodecim
291 559 426 641 unciam
469 556 588 628 barum
618 572 729 630 autem
752 556 895 650 singulae
922 565 1058 659 pondus
1085 574 1231 662 viginti.
1273 595 1275 604 '
1332 607 1346 624 =

81 665 301 734 denariorum
319 661 400 749 (20.
414 657 672 756 pennyraeight)
682 688 693 734 a
721 683 806 756 quae
825 677 896 733 erat
909 667 1042 759 partitio
1057 671 1206 744 introitu-1

80 761 128 836 tta
147 766 303 860 primunr
320 765 355 832 in
374 759 630 850 Gailoiranciam
648 761 803 832 aCarolo
825 767 876 834 Μ.
895 765 1061 862 indeque,
1084 787 1122 846 ut
1136 777 1202 849 exi·
1336 827 1339 836 .

79 863 233 949 ffimant,
255 861 411 934 translata
425 862 460 932 in
477 859 631 952 Anglia‘nr
649 887 667 932 a
686 863 869 964 §uilielmo
887 867 1133 963 conquestore,
1164 878 1226 950 in¹
1278 887 1281 892 '
1361 942 1365 950 ,
1488 891 1491 898 “

82 992 146 1062 qua
162 965 233 1036 sola
248 973 336 1036 terra
358 966 458 1034 etiarn
480 955 577 1032 nunc·
586 960 734 1054 obtinet,
764 965 809 1036 ita
824 981 862 1036 ut
880 973 1008 1040 nummi
1030 972 1126 1070 ipiius
1146 1001 1201 1048 va·

83 1069 136 1140 lor
156 1063 429 1161 componderis.
447 1067 628 1160 quantitate
650 1082 803 1136 accurate
825 1087 1003 1160 congruat.
1060 1075 1111 1148 Ab
1138 1077 1201 1150 hro

85 1167 206 1240 diversa
229 1165 275 1238 est
297 1167 375 1237 libra
391 1165 669 1260 pharmacopolae,
702 1165 723 1238 s.
751 1167 900 1270 Trecerfis
922 1175 1039 1269 (Troy
1056 1177 1200 1268 Pound)
1316 1226 1322 1244 .

85 1295 186 1366 quam
208 1285 349 1352 vocant,
376 1270 472 1340 ouius
487 1267 542 1336 illa
563 1289 618 1358 15.
633 1266 777 1339 decimas
792 1268 915 1352 sextas,
939 1272 995 1344 seu
1014 1299 1069 1350 rr.
1086 1282 1200 1350 uncias

84 1395 116 1464 5.
130 1371 285 1443 denarios
303 1371 472 1442 continet:
499 1373 610 1464 itaque
626 1379 698 1440 tum
712 1375 877 1467 temporis
893 1369 1045 1450 denarius
1066 1379 1197 1474 ponde·

84 1471 175 1546 rabat
191 1480 274 1566 223.
294 1495 396 1564 grana
410 1467 513 1544 librae
527 1471 717 1544 Trecensrs.
742 1473 891 1544 Pretium
905 1473 1201 1570 borumdennu'a·

16 1564 23 1575 ’
85 1601 159 1647 nrm
174 1569 343 1646 internum
360 1587 430 1644 erat
446 1572 623 1658 eiusmodi,
649 1587 688 1646 ut
702 1569 792 1658 libra,
818 1571 874 1648 seu
893 1598 950 1652 12.
968 1583 1096 1668 unciae,
1117 1607 1198 1654 con-

86 1673 183 1747 staret
194 1675 353 1748 undecim
366 1675 472 1746 unciis
489 1688 525 1744 et
538 1671 667 1752 duobus
685 1670 824 1746 denariis
844 1679 971 1768 argenti
987 1683 1073 1774 puri,
1091 1697 1126 1754 et
1144 1681 1200 1754 ad.

84 1779 175 1850 mixti
189 1779 286 1876 cupri
305 1774 460 1874 pondere
479 1784 533 1856 18.
550 1772 779 1846 denariorum:
808 1777 916 1872 ,qualis
940 1783 1038 1874 pretii
1060 1799 1198 1860 moneta
1302 1777 1308 1790 ⁸

84 1906 207 1957 narrum
228 1881 340 1952 aeteus
366 1873 441 1976 (old
461 1874 666 1978 Standnrd),
691 1878 805 1972 primis
829 1878 965 1974 quidem
987 1885 1196 1980 temporibus
1416 1875 1421 1890 ’

85 1981 170 2055 dista
188 1983 267 2066 fuit3
294 2007 358 2078 qua
377 1981 478 2052 etiam
494 1979 646 2048 ineuntur
661 2002 782 2064 omnes
798 1975 954 2066 Aristoris
971 1981 1037 2054 hoc
1059 1987 1091 2055 in
1107 1983 1197 2058 libro

82 2087 365 2182 computationes.
415 2078 535 2158 Librae
551 2093 663 2160 autem
679 2079 771 2157 valor
786 2103 864 2160 cum
879 2079 1027 2158 eiusdem
1042 2087 1196 2190 pondere
1305 2101 1308 2109 ⁴

80 2183 200 2258 exuste
219 2189 379 2278 congruit.
1192 2240 1196 2248 .

138 2285 243 2382 (Peg.
258 2285 303 2387 ς.)
325 2285 487 2374 Eandem,
510 2311 611 2382 quam
624 2311 742 2380 regum
762 2285 1039 2374 antecedentium,
1056 2285 1195 2362 difficul·
1239 2323 1244 2350 ι

82 2406 197 2463 tatem
211 2385 324 2462 habent
337 2392 468 2462 nummi
484 2390 625 2460 Heurici
640 2393 664 2464 Ι.
688 2405 723 2462 et
734 2393 777 2460 11.
794 2391 893 2460 certis
914 2389 1053 2462 criteaiis
1076 2389 1201 2464 discer-

78 2491 206 2574 nendi3
245 2493 311 2562 imo
337 2518 381 2562 ne
409 2487 536 2568 constat
553 2489 707 2586 quidem,
740 2515 957 2566 annummoa
973 2517 1119 2589 unquam
1138 2492 1197 2572 ille,

76 2591 243 2666 secundus
260 2592 422 2666 cuderit.
451 2597 486 2663 Τ
487 2595 544 2690 ypi
564 2591 689 2662 srunnra
706 2595 843 2666 varietas
863 2591 927 2676 est3
950 2591 1118 2690 inscriptio
1135 2620 1192 2666 au·

83 2713 155 2768 tem
168 2699 286 2792 partim
306 2719 432 2767 nomen
447 2697 557 2786 regis,
579 2695 716 2788 partin,
743 2707 780 2764 ut
798 2696 831 2764 in
850 2693 1092 2791 superioribus,
1116 2721 1191 2770 mo·

85 2797 203 2870 netarii
225 2813 260 2867 et
281 2797 373 2872 urbis
394 2793 538 2870 indicat,
599 2799 735 2866 Summa
765 2801 828 2866 iam
851 2801 967 2868 raritas
998 2793 1043 2866 est
1067 2797 1191 2878 borum

80 2923 307 2984 nummorum,
332 2903 424 2993 (pag.
433 2896 489 2990 6.).
499 2919 655 2992 quonam,
683 2911 863 2980 caeterum,
884 2896 1027 2992 pondus,
1044 2900 1191 2992 pretium

85 3017 119 3072 et
131 2999 236 3082 valor,
253 2997 504 3095 asuperioribus
525 2996 608 3068 nihil
628 2994 758 3078 differe
786 3021 865 3066 curn
881 2999 913 3066 in
930 2998 1037 3068 Gallia
1054 2998 1195 3094 pondua¹

83 3101 186 3174 librae
203 3127 258 3182 12.
273 3102 455 3185 unciarum,
479 3125 500 3180 a
517 3097 639 3168 Carolo
652 3103 702 3167 M.
723 3091 962 3180 introduedum,
984 3101 1069 3170 iutra
1084 3115 1188 3172 aniane

17 3244 25 3255 ·
84 3220 373 3297 1075.0e1093.
400 3198 500 3296 plane
517 3197 751 3290 abrogaretur,
781 3198 932 3295 pondere
951 3209 985 3282 8.
1008 3202 1189 3282 unciarum,

78 3303 302 3390 mucabtto,
319 3309 352 3374 in
365 3301 451 3372 illius
466 3299 579 3371 locum
602 3296 757 3371 assumto:
783 3323 869 3394 quae
890 3299 1006 3375 eadem
1019 3327 1081 3384 res,
1102 3303 1189 3373 circa

74 3405 173 3480 idem
190 3426 339 3504 tempus,
371 3405 405 3474 in
423 3403 602 3473 Germania
629 3395 750 3491 legitur
770 3398 921 3472 eveniiie.
975 3407 1130 3474 Attamen
1152 3397 1187 3471 in

53 3511 200 3600 Anglii
221 3532 361 3607 quoque
381 3504 499 3574 eadem
520 3501 582 3574 fuit
596 3519 732 3599 recepta
750 3526 877 3586 marca,
904 3517 939 3573 et
959 3527 1035 3573 curn
1056 3497 1190 3600 pristine

73 3611 161 3684 libra
182 3615 252 3711 pari
267 3601 553 3700 modo-usurpata.
766 3621 771 3636 ¹
1027 3681 1031 3688 ,
1191 3655 1194 3660 -

122 3715 287 3814 Stephani
323 3729 543 3782 nummorum
572 3727 682 3800 neque
706 3717 828 3799 typus,
871 3727 982 3796 neque
1007 3703 1187 3818 inscriptio,
1281 3798 1284 3804 .

72 3820 171 3906 unitis
188 3817 325 3910 generis
344 3801 443 3894 funt,
458 3811 611 3902 (pag.7.)
631 3809 743 3876 raritas
760 3805 899 3886 buranam
935 3805 1085 3899 pondus,
1111 3832 1188 3903 pre·

67 3922 160 4007 fiunt,
179 3933 214 3990 et
231 3917 337 4002 valor,
353 3908 472 3996 eadem
487 3921 563 3976 tum
579 3903 812 4003 superioribus.
865 3905 959 3975 Idem
977 3906 1048 3986 fere
1063 3907 1189 3982 ditium

30 4040 39 4063 ι
70 4023 153 4102 „let
173 4021 213 4101 dc
234 4018 393 4103 mnus
426 4009 569 4112 ilenrici
590 4011 632 4082 11.
688 4013 866 4086 Caeterum
888 4029 971 4108 ¹veru
993 4009 1190 4098 arctandum,
1257 4015 1262 4022 '

165 4123 167 4128 ·
638 4111 739 4184 eea
1073 4111 1184 4192 tritae
