3494 4836
252 235 1062 406 aluumsrum'rnamc'crxuar1.
1135 296 1207 379 ²83
1243 309 1251 314 -
1381 265 1385 276 ’

100 464 188 552 bus,¹
206 468 318 568 deque
332 467 401 541 aliis
421 466 690 566 expeditionibus
705 466 849 558 bellicis,
874 470 918 540 de
933 473 1021 544 vario
1039 497 1208 552 armorum

101 597 224 666 genere
250 563 396 669 denique
420 567 509 668 apud
528 585 657 644 veteres
681 571 854 668 protulits
874 595 982 665 nugae
1004 573 1092 662 sunt,
1119 599 1205 671 quae
1279 557 1288 574 i
1317 643 1320 648 .

102 673 235 772 Polybio
250 699 321 746 non
336 687 501 746 venerunt
519 673 553 742 in
565 683 735 756 mentem,
769 670 823 743 sed
838 697 908 744 non
927 673 1126 767 intelligenti
1140 681 1205 749 Po·

102 774 232 871 lybiam,
248 767 502 866 ingeniofislimo
514 760 670 846 Folardo.
723 777 853 865 Magno
867 773 979 868 itaque
993 790 1029 848 et
1046 776 1206 872 reipubli-

102 875 349 956 eaeliterariae,
374 875 473 946 atrei
488 872 636 947 militaris
657 873 859 962 commodo,
885 875 1034 948 militiam
1048 892 1203 950 veterum

103 972 313 1048 illustrandam
328 975 467 1072 suscepit
484 971 610 1046 illustris
630 973 831 1068 Gadareus,
867 980 986 1071 peritia
997 980 1118 1070 «graeci
1134 977 1206 1052 lati-
1331 1048 1334 1059 .

104 1081 198 1172 nique
215 1076 375 1150 sermonis
394 1077 595 1148 criticorum
617 1071 804 1152 nostrorum
819 1077 899 1148 nulli
912 1076 1089 1164 secundus,
1113 1078 1204 1152 idem

105 1203 177 1250 rero
191 1195 353 1252 etrerum
371 1175 562 1262 bellicarum
578 1175 636 1250 usu
651 1175 797 1248 Folardo
819 1177 913 1248 facile
927 1203 999 1275 prr.
1050 1184 1128 1252 Nos
1150 1205 1203 1251 re·
1269 1194 1278 1216 ⁸
1355 1266 1358 1280 ι

106 1303 171 1350 rum
184 1285 322 1374 egregio
339 1279 411 1354 hoc
428 1277 512 1350 libro
527 1277 771 1376 propositarum
783 1277 977 1375 praestantis
995 1281 1095 1364 nied,
1121 1278 1202 1352 ube·

106 1383 187 1470 riora
209 1407 248 1451 ex
269 1405 312 1453 co
334 1379 611 1476 decerperemus,
652 1377 708 1451 nisi
730 1403 839 1478 paene
861 1395 952 1452 totas
982 1379 1064 1454 liber
1083 1379 1203 1452 descri-
1235 1460 1241 1474 ⁸

107 1479 232 1582 bandusr
250 1479 349 1570 esset,
380 1497 414 1554 et
432 1479 491 1551 nis
510 1482 611 1552 multa
625 1481 667 1552 de
683 1481 838 1576 proeliis,
871 1479 981 1576 deque
996 1483 1093 1554 armis
1109 1497 1202 1554 veta·
1325 1527 1333 1543 ·

107 1607 170 1654 rum
187 1579 375 1656 disserendo
390 1603 592 1669 vereremur,
617 1605 661 1654 ne
677 1581 794 1654 eadem
809 1607 892 1666 nos,
919 1585 978 1678 qui
989 1587 1089 1654 Marti
1105 1607 1201 1656 num·
1315 1644 1319 1652 .

71 1679 78 1688 “
110 1707 196 1780 quun
216 1685 396 1769 litarimus,
419 1685 516 1756 nullo
530 1679 644 1756 talium
658 1707 769 1754 rerum
787 1681 845 1753 usu
858 1681 1041 1780 pollemus,
1068 1683 1201 1770 censura
1326 1681 1329 1686 ’

107 1801 242 1871 mmeat,
274 1810 341 1885 qun
361 1785 401 1859 ab
417 1782 604 1856 Hannibale
617 1787 811 1858 „Oratorem
832 1787 978 1880 aliquem
998 1781 1040 1856 de
1062 1785 1218 1888 proeliis¹
1307 1791 1311 1804 “

107 1884 336 1960 declamantem
358 1902 513 1960 notatum
532 1885 687 1979 legimus.
764 1891 880 1971 Quare
903 1886 1037 1958 brevem
1058 1899 1201 1960 tantum·
1277 1957 1280 1965 ,

105 1987 200 2060 modo
225 1991 380 2085 capitum
391 1987 550 2060 summam
571 1985 808 2072 adscribamus}
844 1985 970 2083 reliqua
987 1983 1201 2082 Lestoribus,

105 2089 215 2186 quibus
230 2115 342 2162 carere
361 2089 517 2180 hic—liber
541 2111 609 2162 non
620 2081 747 2186 potest,
771 2081 925 2160 ratitturi.
976 2087 1086 2159 tomas
1099 2090 1199 2180 igitur

104 2190 222 2262 Prinas
234 2193 562 2264 Commentariorum
582 2189 706 2264 eodem
729 2187 846 2260 ordine
870 2186 1012 2279 digestus
1035 2185 1107 2272 est,'
1130 2215 1198 2284 quo
1281 2211 1287 2226 “

105 2291 250 2386 Polybius
264 2319 320 2366 res
345 2293 476 2365 bellicas
492 2309 645 2364 ratarum
657 2285 839 2370 recensuit,
862 2303 897 2358 et
911 2287 1093 2374 Folardus‚
1113 2288 1200 2360 cele·
1349 2317 1352 2320 ·

107 2390 171 2463 bris
187 2399 248 2465 mus
264 2391 531 2480 commentator,
548 2387 701 2464 illustrare
716 2405 855 2462 conatus
871 2385 928 2459 est.
979 2389 1090 2462 Primo
1102 2393 1200 2481 rapite.

106 2497 272 2586 Agrigenti
291 2495 435 2575 obsidio,
467 2494 667 2574 defendente
688 2488 896 2576 Hannibale,
928 2489 1199 2584 aggredientibus
1277 2541 1303 2590 ·.

106 2609 196 2692 etque
223 2595 492 2694 oppugnantibus
527 2591 716 2668 Posthumio
748 2587 984 2664 Romanorum.
1006 2593 1118 2681 Duce,
1164 2607 1200 2664 et

105 2698 248 2769 Hierone
268 2701 370 2772 Socio
385 2698 506 2800 populi
523 2698 686 2779 Romani,
721 2691 920 2765 describitur.
971 2688 1200 2768 Hannibalem

104 2795 175 2870 nuit
195 2823 335 2882 comm,-
362 2824 448 2898 quae
467 2803 611 2896 peritus,
631 2793 778 2881 callidus,
799 2819 837 2866 ac
853 2796 1098 2889 imperterritus
1122 2793 1199 2868 belli

106 2895 161 2969 dux
178 2921 324 2996 unquam
338 2901 465 2988 audeat,
490 2903 524 2972 in
538 2923 576 2970 ea
591 2896 759 2970 obsidione
775 2892 923 2980 omissio,
951 2894 1074 2965 samem
1089 2919 1197 2989 aequo

106 3015 138 3070 et
157 2999 314 3072 constanti
332 3005 444 3073 animo
460 3025 539 3073 cum
559 2995 770 3096 praesidiariis
793 2995 855 3065 suis
868 2990 1064 3064 duriffimam
1080 2991 1199 3084 mlille,

34 3158 39 3169 .
106 3121 228 3174 ormam
251 3101 307 3174 est.
358 3103 501 3182 Hanno,
518 3107 588 3199 ·qui
608 3096 649 3170 ad
669 3093 871 3168 liberandam
897 3089 1068 3166 obfidione
1088 3097 1218 3168 civitas

35 3278 39 3287 ,
103 3217 258 3276 temcmn
272 3209 401 3294 ingenti
410 3199 560 3275 'stercitu
574 3215 718 3282 venerat,
731 3179 964 3268 l’ollhumium
979 3198 1013 3266 in
1028 3195 1110 3271 tales
1122 3221 1200 3270 mox
1248 3222 1262 3240 ³
1296 3239 1300 3246 ·

32 3306 37 3315 '
108 3293 256 3395 ang'ullins
266 3304 409 3397 redegit,
434 3321 471 3374 ut
491 3302 695 3391 obsidionem
709 3299 774 3384 ille,
804 3297 849 3370 ob
864 3289 1091 3368 difficultatem
1107 3323 1200 3370 com·

106 3425 234 3495 meas,
261 3415 326 3480 iam
340 3406 462 3478 saltere
477 3405 674 3482 institueret,
699 3425 777 3472 cum
795 3403 938 3480 Hanno,
965 3405 1019 3469 cui
1031 3397 1200 3470 Hannibal

104 3502 297 3602 datosrgno‚
324 3523 471 3579 extrema
485 3506 560 3578 suos
578 3507 646 3602 pati
668 3505 703 3572 in
725 3500 809 3572 urbe
823 3501 1040 3582 indicaverat,
1067 3498 1200 3592 proelio
1268 3571 1273 3579 ,

99 3605 153 3678 fibi
166 3633 240 3682 cum
261 3612 424 3682 Romanis
447 3601 697 3688 decernendum
714 3597 778 3670 elle
793 3600 991 3693 quantocius
1006 3595 1150 3676 videret,
1176 3595 1200 3670 si

96 3705 178 3782 sorte
190 3711 304 3782 servari
318 3734 399 3780 cum
414 3706 476 3780 luis
492 3701 657 3778 Hannibal
676 3699 731 3774 tali
750 3696 884 3769 c'onsrlio
904 3694 1023 3792 posset.
1073 3701 1201 3791 Magna

96 3813 241 3886 artehoc
279 3811 423 3884 roelium
438 3803 630 3882 instruslum
650 3797 727 3889 suit,
759 3799 888 3872 sortiter
900 3800 1057 3893 utrmque
1073 3821 1200 3895 pugna·

93 3929 182 3986 tram:
209 3839 351 3986 villone
364 3899 525 3982 Romanis
545 3904 646 3980 ceffit.
699 3900 763 3974 Sed
788 3925 866 3972 cum
880 3923 922 3971 eo
942 3893 1200 3972 buccellulaeta·

89 4036 211 4110 renuat,
227 4011 403 4094 Hannibal
416 4005 530 4102 nella,
546 4031 630 4107 quae
644 4003 810 4100 proellum
821 4001 932 4096 secuta
943 3997 998 4098 esi,
1016 3995 1071 4076 etll
1088 3999 1200 4182 egeto
1329 4009 1335 4018 ’

178 4173 179 4180 ,
607 4113 743 4185 Nux
1073 4126 1198 4182 uum
