3540 4840
976 13 983 40 l

1675 180 1707 192 ἱ

486 229 566 352 aaa
623 177 1424 360 f'uovntacrnanuornonun

423 454 434 530 ’-
492 427 1615 567 ttlttttiltzitissltt‘ltmutn¹tltu¹dlttltltilnf⁰tltit:

493 575 551 624 dere
565 571 652 638 populi
664 567 765 620 arbitrio
776 583 850 633 atque
861 569 987 618 mandato.
1014 567 1104 621 Suadet
1117 581 1200 618 autem
1213 567 1352 634 prudentia,
1365 567 1426 618 nihil
1438 568 1568 620 immutare
1582 569 1625 636 in„

492 641 641 708 principatu,
660 635 703 686 nili
717 637 783 702 quod
797 635 865 685 bono
876 635 976 703 publico
994 634 1023 686 sat
1035 633 1174 690 adversum
1198 634 1264 702 srqut
1276 635 1300 685 id
1312 633 1365 692 fiat,
1380 649 1480 685 omnem
1489 633 1631 688 adhibete,

493 722 604 774 operam,
623 720 657 754 ne
705 720 745 754 am
757 703 846 769 populi
863 704 1054 768 congregatione
1069 702 1196 758 seditionis
1213 703 1342 769 praebente
1361 701 1475 770 speciem,
1487 704 1614 770 'princepe
1682 753 1685 758 ,

387 815 392 834 ,
493 790 589 834 cumea
603 773 669 838 impe
688 772 761 822 ienda
773 771 826 820 iure
838 769 875 821 uti
886 769 931 825 suo
939 772 1068 830 rideatur,
1088 771 1149 824 illud
1161 771 1291 828 extendat,
1313 771 1462 838 tandemque
1474 771 1612 836 lirpretnam
1712 787 1714 792 ·

492 842 537 898 sabi
551 853 644 904 arroget
655 838 830 894 austoritatem.
850 838 925 906 Qud
938 838 1014 888 etiam
1025 838 1117 888 malurn
1132 837 1235 890 aversuri
1247 838 1360 890 videntur
1371 853 1509 890 conventus
1521 838 1611 904 populi

247 965 250 972 Δ
493 909 552 965 certi
566 925 593 958 ac
606 905 733 974 periodici,
762 921 851 955 uorum
864 905 932 972 supra
945 907 1006 956 sabla
1020 904 1056 956 est
1070 906 1179 960 mentior
1202 921 1356 973 quorumque
1376 905 1469 972 semper
1481 907 1610 958 exordium

343 977 383 1042 ᾖ·
429 1023 431 1028 ,
459 977 465 984 ’
493 974 635 1046 quaerendo
648 974 679 1025 tle
691 923 808 1039 praeiacet
821 975 901 1024 forma
913 972 1047 1038 regiminio,
1067 989 1177 1041 numque
1191 973 1259 1022 illam
1271 973 1366 1029 savari,
1381 975 1456 1040 idque
1476 974 1506 1022 ab
1520 973 1612 1024 iirdetir
1675 983 1683 990 '

388 1096 394 1103 ,
492 1041 800 1096 administrariconveniar,
814 1039 865 1090 sieri
879 1041 962 1091 debet.
1012 1041 1214 1091 sumitur'aurem
1227 1041 1344 1100 lrocloeo
1357 1041 1392 1099 id,
1411 1041 1480 1108 quod
1499 1040 1612 1092 satiade·
1649 1061 1663 1068 ’

491 1107 653 1164 monstratum
666 1107 699 1159 est
707 1141 716 1166 ,
735 1123 834 1162 omnem
846 1109 872 1158 in
885 1108 984 1160 civitate
999 1110 1080 1173 legem
1093 1109 1313 1165 fundamentalem,
1327 1107 1453 1174 ipsrrmque
1463 1109 1558 1174 pallum
1571 1108 1617 1158 so·
1682 1157 1688 1161 .

412 1197 416 1205 ·
493 1179 641 1236 ciale,tanto
649 1174 810 1244 iuliiucpose
820 1177 927 1226 revocari
940 1165 1064 1228 tonrtnuni
1075 1177 1162 1242 populi
1175 1174 1300 1232 consensu,
1313 1192 1367 1226 cunr
1381 1175 1442 1226 civit
1454 1175 1617 1242 quilibetce·
1703 1173 1716 1182 ’

442 1266 446 1274 ·
491 1265 508 1298 r·
527 1262 579 1296 care
592 1245 614 1296 se
627 1246 650 1293 in
666 1242 789 1308 pristinam
800 1243 936 1298 nattualem
947 1243 1093 1302 libertatern,
1102 1241 1144 1294 nis
1156 1244 1181 1295 id
1188 1261 1232 1310 per
1242 1243 1453 1302 staudetttfecerit,
1462 1245 1583 1297 excedent
1596 1259 1615 1296 e

303 1349 306 1352 -
383 1363 386 1368 .
492 1327 518 1366 te
532 1329 566 1370 ra,
582 1310 705 1364 ctGrorii
719 1309 837 1360 sententia
849 1311 928 1376 posfit.
1551 1312 1554 1320 '
1647 1369 1654 1379 ἱ

496 1401 500 1412 ·
539 1380 679 1446 ,l‘ollquom
692 1379 723 1428 de
737 1378 801 1428 bene
812 1377 980 1429 constituenda
993 1378 1093 1430 civitate
1112 1377 1167 1430 sarit
1184 1379 1274 1430 diuum
1291 1377 1337 1438 ell,
1354 1379 1427 1430 tellat
1436 1393 1467 1430 ut
1476 1380 1508 1437 cle
1518 1379 1616 1432 coolir·

460 1481 469 1484 „
492 1467 524 1516 m.
552 1451 582 1502 cla
599 1463 627 1498 ca
647 1446 834 1511 roborandaque
853 1459 997 1512 exponatur.
1032 1448 1069 1497 ilc
1096 1448 1158 1498 tirno
1171 1447 1270 1512 quidem
1283 1447 1344 1498 illud
1357 1464 1449 1498 certum
1461 1447 1509 1504 ell,
1530 1463 1613 1500 unam

538 1515 704 1570 decennium,
723 1513 913 1567 conservationis
925 1513 1062 1580 boniquep
1097 1515 1144 1573 lici,
1166 1517 1320 1566 voluntatem
1333 1515 1378 1564 elle
1391 1531 1438 1565 ram
1454 1516 1510 1572 diu,
1530 1529 1613 1580 quarn

394 1594 398 1600 “
451 1591 457 1616 '·
494 1588 511 1636 d
523 1603 539 1634 u
552 1599 638 1634 omnes
650 1581 714 1632 uniri
725 1594 941 1647 tamqrramrunum
953 1581 977 1632 se
989 1597 1077 1648 corpus
1085 1583 1184 1648 aliquod
1197 1581 1311 1662 spellam.
1329 1581 1397 1633 Tum
1409 1599 1467 1632 vero
1479 1581 1614 1648 pubiicum

428 1669 436 1681 ’
494 1653 511 1704 b
531 1669 606 1708 num,
625 1650 748 1716 perspectu
760 1649 920 1708 facillimum,
939 1649 1020 1700 nullas
1032 1649 1149 1700 defidetat
1160 1651 1271 1716 politicae
1285 1647 1438 1708 subtilitates,
1458 1649 1635 1716 miseriarum*

492 1709 661 1775 inlltnmenra,
674 1718 765 1783 quibus
778 1733 791 1766 a
802 1717 888 1796 fraude
900 1713 925 1796 se
938 1719 1047 1796 doloque
1060 1731 1166 1768 tueatur.
1184 1716 1311 1796 Nequeflin
1325 1718 1388 1768 felici
1402 1719 1446 1796 illa¹
1455 1717 1613 1782 simplicitate
1708 1731 1714 1738 ·

454 1873 460 1882 ·
491 1785 1612 1920 stillata:illitillll:‘ltillittlsstlltf²⁶ltjtltli'imit

492 1936 549 1972 vata
561 1920 669 1969 utilitate
680 1919 853 1988 praevalente,
877 1869 957 1970 noina
977 1919 1090 1974 infirmari
1107 1920 1217 1980 socialis,
1243 1937 1270 1970 ac
1280 1921 1398 1988 generalia
1414 1923 1525 1978 voluntat
1538 1919 1611 1992 quast
1695 1950 1704 1962 -

454 2015 462 2028 ·
491 2001 563 2041 mura
577 1985 637 2036 effici
650 1985 733 2050 pellit:
747 1983 886 2053 'numquam
899 1999 980 2037 tamen
993 1987 1082 2036 delitui
1096 1989 1137 2037 illa
1151 1989 1250 2054 poterit,
1268 1990 1388 2054 planeque
1402 1989 1488 2044 deleri,
1522 1987 1613 2043 Manet

403 2111 404 2119 ἵ
491 2057 577 2128 potius
590 2051 701 2103 constant
713 2052 821 2120 senqer,
838 2055 1016 2121 purillimaque,
1034 2069 1059 2106 ot
1072 2056 1096 2104 in
1109 2071 1139 2104 eo
1153 2057 1237 2106 saltem
1252 2055 1357 2122 positum
1369 2057 1455 2106 vitium
1468 2056 1511 2114 en,
1530 2057 1612 2123 quod,
1629 2079 1633 2086 ³

492 2140 551 2176 curn
562 2136 647 2172 omnes
660 2121 719 2186 quid
735 2121 850 2174 universa
870 2125 963 2172 bonum
977 2121 1005 2173 lit
1017 2123 1130 2180 videant,
1154 2124 1215 2174 illud
1226 2133 1311 2174 tamen
1322 2123 1389 2189 sequi
1403 2118 1492 2175 oinner
1503 2125 1609 2178 nolunrt

483 2189 534 2248 'sed
546 2191 639 2242 bonum
652 2189 675 2238 ei
688 2182 808 2258 privariun
821 2191 861 2240 vel
875 2189 954 2252 sturm,
968 2191 1008 2240 vel
1022 2191 1134 2248 alierum,
1149 2192 1254 2256 corrupti
1266 2193 1418 2258 praeierunt,
1430 2207 1476 2241 nec
1488 2191 1545 2258 quial
1557 2193 1613 2242 tei·

491 2256 670 2332 publicac,'sed
683 2257 743 2322 quid
757 2256 798 2306 sabi
810 2258 848 2306 vel
860 2257 913 2307 aliis
927 2255 1010 2322 profit,
1022 2259 1163 2324 interrogati
1175 2258 1328 2324 respondent.
1396 2269 1398 2272 “
1459 2257 1466 2266 '
1576 2315 1578 2318 ,

527 2327 606 2392 „Qro
619 2323 694 2387 magis
706 2323 779 2387 igitur
792 2325 820 2372 ad
832 2325 1018 2376 unanimitatem
1031 2326 1124 2378 accedit
1135 2327 1158 2375 in
1173 2327 1337 2378 conventibus
1384 2326 1454 2378 bllcir
1467 2321 1611 2392 consensus,

444 2421 447 2428 ·
490 2395 541 2446 hoc
554 2392 631 2456 mugit
643 2391 718 2441 etiam
730 2392 847 2454 generalia
860 2393 974 2444 voluntat
988 2393 1102 2444 censenda
1114 2393 1149 2443 eli
1161 2395 1294 2458 dominarir
1312 2395 1337 2444 ni
1347 2409 1355 2443 t
1365 2403 1444 2445 tamen
1452 2409 1519 2446 metu
1525 2395 1610 2446 fitille

459 2515 464 2522 .
491 2474 612 2516 extortus,
626 2460 733 2510 libertati
743 2460 875 2516 conando,
912 2459 1076 2529 Qaeaurem
1089 2461 1227 2513 consensum
1241 2462 1353 2514 omniunt
1364 2464 1503 2514 unanimem
1515 2473 1634 2528 nmina·

491 2527 535 2582 sua
546 2527 627 2589 erigat
641 2527 688 2582 let,
702 2538 799 2584 tantum
811 2535 858 2579 una
871 2525 903 2576 est
916 2529 941 2577 in
954 2527 1062 2586 civitate,
1077 2532 1172 2594 paetum
1185 2530 1300 2580 nimirum
1313 2527 1414 2586 socialet
1431 2532 1470 2582 cui
1483 2529 1499 2580 fi
1512 2531 1567 2598 quir
1581 2531 1622 2585 [ε’

491 2593 645 2664 opposuerit,
657 2593 719 2644 illud
732 2593 830 2666 quidem
843 2609 894 2643 non
906 2595 1054 2659 infringitur,
1070 2595 1107 2647 sed
1121 2596 1170 2662 ipse
1184 2609 1282 2646 rantum
1295 2597 1318 2646 se
1333 2597 1363 2646 ab
1377 2614 1408 2646 eo
1422 2598 1535 2649 excludit.
1563 2599 1609 2648 Ab
1664 2599 1668 2604 ’

491 2663 542 2718 hoc
552 2675 636 2712 antem
647 2671 699 2710 uno
714 2659 730 2710 sr
745 2659 881 2720 discesserit,
903 2663 980 2722 maior
992 2662 1086 2727 semper
1098 2663 1213 2716 numerus
1226 2665 1319 2728 obligat
1329 2667 1457 2723 minorem,
1477 2665 1518 2732 qui
1531 2665 1610 2716 aliter

388 2736 393 2751 ·
492 2729 625 2786 sentiendo
637 2728 661 2777 id
675 2729 751 2778 modo
766 2727 857 2793 prodit,
871 2728 895 2778 se
906 2730 1012 2794 aliquam
1024 2743 1075 2778 rern
1086 2729 1201 2780 habendo
1213 2747 1258 2797 pro
1270 2733 1398 2784 voluntate
1408 2731 1519 2797 generali,
1537 2749 1609 2798 quae

424 2807 428 2817 “
451 2807 464 2850 .’
490 2811 543 2850 non
558 2807 618 2853 erat,
632 2795 700 2845 fuisse
713 2795 856 2864 deceptum
873 2809 953 2862 neque
966 2797 1027 2851 adeo
1040 2797 1089 2860 ltot
1101 2799 1176 2848 modo
1189 2815 1260 2850 verae
1274 2801 1442 2864 libertatinrlla
1452 2801 1549 2850 ratione·
1558 2801 1605 2850 of·

491 2864 587 2922 ficitur,
607 2862 683 2914 modo
696 2863 721 2914 in
734 2863 873 2930 pluralitate
885 2877 1013 2913 cernantur
1024 2880 1039 2914 o
1058 2879 1122 2914 orter
1128 2865 1178 2916 veri
1184 2867 1301 2930 generalia
1309 2869 1438 2920 voluntatis
1444 2867 1606 2930 tharallrtcc.

490 2932 574 2988 Probe
586 2943 669 2981 atatem
682 2929 817 2980 tenendum
832 2929 891 2980 illud
906 2929 954 2989 esl,
977 2947 1028 2998 quo
1039 2881 1085 2982 int
1097 2932 1246 2986 decernenda
1261 2938 1359 2999 negorio
1377 2937 1492 3000 graviora,
1510 2935 1558 2985 hoe
1569 2937 1608 2987 ad

490 2999 691 3057 unanimitatem,
710 2999 832 3066 (quaefvel
846 3013 897 3048 uno
914 3011 997 3049 contra
1015 2997 1131 3053 sentiente
1145 2999 1264 3081 rnilitum)
1277 3003 1377 3070 propius
1390 3005 1479 3055 debere
1490 3005 1609 3055 accedere

449 3099 454 3108 ι
512 3069 569 3118 artie
583 3063 694 3130 suffragia
706 3065 891 3132 praevalinrtaer
909 3082 960 3132 quo
972 3080 1054 3117 autem
1067 3067 1169 3118 celerius
1182 3071 1343 3127 renntnandt,
1355 3071 1403 3122 lroc
1414 3071 1459 3121 else
1471 3071 1549 3134 magia
1561 3087 1610 3122 re·
1639 3123 1644 3126 ,

490 3083 651 3250 iringegdam
670 3132 841 3249 septentiam
854 3131 1027 3198 diversitatem,
1047 3135 1081 3192 ita
1099 3147 1127 3192 ut
1147 3137 1187 3211 rel
1201 3151 1250 3193 una
1261 3137 1384 3193 interdum
1395 3154 1442 3190 vor
1454 3140 1523 3205 pollit
1536 3138 1609 3191 luffa-

433 3242 437 3252 ,
490 3215 579 3256 cetea
608 3215 694 3252 vinctu
713 3215 764 3251 tim.
1327 3210 1329 3218 ’
1439 3215 1442 3226 ·

491 3273 494 3280 ’
524 3267 585 3325 „nd
598 3265 743 3316 elellionem
756 3269 870 3335 principis
883 3282 909 3324 tt
921 3270 1102 3338 magistratuum
1116 3275 1182 3342 quod
1195 3265 1298 3336 attinet,
1317 3276 1411 3344 ‘duplex
1423 3275 1456 3327 ell
1467 3291 1519 3337 tarn
1532 3289 1608 3342 peta-
1637 3296 1642 3316 ⁶

490 3333 623 3402 gendiviar
636 3332 901 3414 sortnimlrumarqne
913 3337 1031 3404 suffragia.
1048 3339 1117 3392 illam
1127 3343 1225 3408 quidem
1235 3345 1609 3397 democratiaemaximeelleac-

465 3443 468 3451 ,
489 3404 682 3459 commodatam,
689 3403 745 3452 inde
757 3417 833 3469 patet,
848 3407 914 3470 quod
928 3407 1016 3458 electio
1028 3425 1070 3474 pet
1083 3409 1191 3474 suffiagia
1203 3413 1284 3473 omnia
1296 3412 1331 3464 cll
1340 3429 1430 3465 munuc
1443 3413 1610 3482 principante,
1700 3430 1702 3441 ¹

488 3472 516 3523 in
530 3472 676 3520 democratia
689 3484 769 3521 autem
782 3471 955 3525 administratio
968 3477 1061 3546 optima
1073 3477 1110 3532 cll,
1121 3494 1149 3528 ct
1155 3511 1165 3536 ,
1183 3494 1232 3546 qua
1244 3481 1347 3540 minime,
1357 3483 1423 3531 auus
1436 3479 1605 3545 multiplican—

452 3543 469 3592 .’
488 3551 544 3599 turi
562 3539 678 3605 quodque
690 3554 744 3590 eum
757 3555 815 3590 vero
827 3541 855 3594 lit
867 3543 934 3592 oneri
948 3542 1099 3608 magistratus
1112 3547 1135 3596 in
1149 3547 1297 3604 democratia
1309 3547 1425 3606 officium,
1439 3548 1509 3600 nullo
1516 3547 1539 3597 itl
1546 3547 1605 3598 iure

487 3607 549 3660 huie
562 3605 645 3676 potius
658 3623 730 3674 qnam
742 3607 810 3657 alteri
823 3608 915 3674 imponi
932 3609 946 3660 s
958 3627 1017 3661 onte
1029 3612 1117 3683 pctcll.
1136 3613 1228 3666 Contra
1234 3632 1293 3665 vero
1304 3615 1472 3673 aristocratiae,
1484 3613 1525 3666 nbi
1531 3613 1602 3679 ptin-

488 3691 548 3741 ceps
560 3674 693 3754 principem
707 3675 783 3740 eligit,
794 3677 883 3726 melina
894 3627 1004 3741 suffiagla
1015 3675 1172 3730 conveniuni.
1189 3681 1302 3735 Aesortla
1310 3684 1454 3734 etlarnratio
1462 3683 1545 3733 invem
1553 3683 1605 3734 de-

488 3743 615 3798 mocratia,
624 3739 655 3808 (fr
663 3745 738 3792 modo
753 3743 807 3793 talia
813 3755 928 3809 umquam
941 3745 1056 3814 exstitit.)
1070 3761 1168 3814 propter
1179 3747 1298 3802 sirmmam
1308 3751 1399 3801 civium
1411 3753 1480 3802 omni
1492 3759 1605 3815 exparte

480 3809 671 3876 aequalitatem,
678 3825 763 3874 parum
769 3807 881 3865 habitura
893 3811 1042 3862 incommodi
1054 3815 1159 3872 videtur.
1179 3817 1271 3887 andsr
1284 3817 1607 3883 promismutlitsuffiagio·

483 3893 546 3950 turn
557 3870 675 3942 sortisque
686 3877 757 3934 usur,
775 3876 816 3926 illa
827 3879 927 3948 quidem
941 3881 969 3928 od
983 3895 1011 3928 ea
1024 3881 1170 3946 potissimutn
1177 3902 1276 3940 munera
1283 3885 1419 3944 tribuenda,
1426 3887 1450 3935 in
1458 3885 1546 3966 ouibus
1553 3885 1607 3940 do-
1619 3883 1624 3888 *
1673 3926 1679 3934 .

487 3957 526 3994 tes
538 3943 657 4010 quaedam
669 3941 799 4007 singulares
811 3945 1007 4010 requiruntut,ut
1015 3948 1140 4012 militariaa
1158 3951 1217 4002 haec
1224 3953 1253 4003 ad
1262 3968 1353 4003 caetera
1360 3953 1546 4004 commodrllime
1554 3955 1606 4008 ad·

458 4048 471 4074 ,
487 4011 612 4066 hibentur,
625 4025 687 4074 quae
698 4027 749 4059 non
763 4010 896 4061 desiderant
906 4009 949 4061 nili
962 4013 1065 4063 vir‘tutes
1077 4015 1217 4078 ordinariae,
1232 4020 1374 4086 civibusque
1387 4021 1478 4072 eunllis
1488 4037 1608 4075 commu·
1658 4039 1672 4054 ·

425 4107 429 4114 -
487 4075 832 4150 nes,utimrrneraiudiciatia.
850 4078 876 4126 ln
889 4081 1028 4130 monarchia
1040 4085 1233 4153 nullum,neque
1247 4087 1306 4147 lbrc,
1315 4087 1611 4154 nequesuffragialoenm

487 4143 627 4200 inveniunt,
639 4144 731 4207 quippe
744 4144 821 4208 posita
832 4147 990 4216 citiliones'ut
1004 4147 1051 4200 sola
1065 4155 1209 4202 monarchae
1224 4155 1351 4220 potestate.
1615 4186 1619 4190 Α

420 4233 427 4268 ;
519 4211 610 4274 „Qne
621 4208 747 4276 litoptima
760 4209 925 4274 suffragiorum
934 4216 1066 4275 dandorum
1077 4217 1321 4288 colligendorumque
1333 4225 1425 4284 tario‚e
1436 4225 1510 4274 modo
1520 4225 1610 4278 corrri-

483 4280 576 4334 tlorum
589 4279 759 4332 habendorum
772 4293 786 4332 a
797 4278 913 4334 Romania
924 4281 1036 4342 adhibite
1049 4285 1143 4357 optime
1162 4287 1242 4355 potcll
1259 4290 1371 4361 intelligi.
1413 4293 1505 4346 nudor
1517 4293 1606 4361 igimr

1558 4380 1610 4426 ‘lt
