3556 4840
402 269 406 274 ·
457 243 465 260 ‘
515 261 594 350 ¹ae
673 301 675 306 .
723 239 1060 412 novnppcrn
1095 258 1481 380 rerumrerum
1582 307 1586 318 .

366 411 429 514 ⁶,
545 440 712 529 demtum,
745 437 796 514 'vel
815 440 991 532 verborum
1009 440 1115 512 ordini
1127 445 1344 533 grammatico
1363 457 1398 514 et
1411 439 1563 516 historiae
1578 461 1649 516 me-
1757 491 1761 498 -

543 544 608 616 lius
626 543 830 616 consultum:
865 542 1049 634 intelligant
1064 539 1228 629 sessores,
1254 545 1398 637 primum
1413 569 1483 616 non
1496 546 1648 618 inutilem
1734 573 1742 580 ·

545 639 610 716 esse
630 668 767 741 operam
793 645 863 720 Cel.
886 641 1091 740 Verheykii,
1117 642 1237 715 deinde
1256 647 1456 740 Eutropium
1480 669 1570 718 nunc
1589 645 1648 716 de·

411 779 439 798 -·
542 737 636 818 inum
655 762 873 844 expurgatum
889 743 989 842 videri
1004 745 1159 831 omnibus
1177 744 1325 830 mendis,
1357 745 1490 818 tandem
1508 743 1645 818 codices

361 911 364 934 ,
544 847 813 935 anteanonsatis
831 845 997 928 consultos
1021 841 1097 916 esse.
1149 843 1214 915 Sed
1228 846 1328 919 liceat
1342 843 1439 920 nobis
1458 843 1649 943 paucisfima
1762 897 1763 900 =

380 1003 423 1036 „-
543 945 677 1034 addere,
697 951 730 1018 in
746 948 868 1044 quibus
882 945 1036 1018 videmur
1054 944 1150 1020 nobis
1168 946 1208 1020 ab
1228 941 1379 1018 coteste
1394 943 1560 1021 dissentire
1577 945 1650 1044 pos·

504 1041 514 1060 ‘
542 1047 590 1133 se„
618 1051 712 1122 cuius
734 1052 784 1132 rei
797 1052 929 1120 veniam
947 1071 1009 1118 nos
1024 1047 1148 1120 abeius
1164 1047 1369 1118 humanitate
1383 1046 1648 1145 facilc-impetrat
1697 1097 1701 1105 -

442 1212 445 1222 .
541 1163 638 1236 turos
656 1147 916 1246 essesperamus.
969 1149 1054 1220 Non
1069 1150 1240 1246 potuimus
1253 1149 1410 1245 probare,
1427 1147 1516 1243 quod
1533 1153 1646 1242 (111.7.
1704 1183 1707 1188 ¹

448 1266 452 1288 ⁸
543 1249 582 1322 as.
599 1247 655 1349 2.)
679 1250 804 1324 editum
823 1245 885 1320 est:
916 1252 989 1346 quia
1010 1249 1184 1348 latrocinati
1205 1251 1330 1322 navbus
1348 1250 1555 1320 Rornanorum
1572 1249 1648 1343 fue
1691 1281 1697 1290 ·

541 1355 624 1428 runt.
699 1357 790 1436 Nam
815 1355 961 1446 primum
985 1346 1108 1422 Histris*
1130 1349 1258 1422 bellum
1283 1349 1409 1422 illatum
1429 1346 1495 1450 eise
1521 1349 1645 1436 debuit,

465 1497 472 1504 -
542 1453 635 1550 quod
647 1459 875 1528 Romanorum
890 1478 993 1526 naves
1006 1450 1234 1522 frumentarias
1244 1466 1454 1547 exceperant,
1465 1475 1540 1524 non
1555 1449 1646 1546 quod

541 1556 581 1626 iis
601 1552 646 1628 usi
662 1567 756 1626 erant
774 1553 812 1624 ad
828 1555 1000 1651 piraticam
1018 1549 1218 1635 sariendam,
1245 1553 1301 1647 qui
1315 1550 1423 1622 sensus
1439 1547 1517 1622 esset
1531 1546 1646 1622 leffiu-

540 1660 593 1730 nis
608 1653 877 1752 Verheykianae,
901 1679 1018 1752 parum
1038 1654 1098 1724 ille
1112 1651 1324 1724 commodus.
1373 1652 1438 1724 Etsi
1454 1675 1557 1750 porro
1577 1654 1647 1722 cius

521 1781 524 1794 ·
543 1755 678 1830 codices
694 1756 820 1829 babent
831 1759 977 1828 mutus.-
1011 1769 1123 1826 tamen
1141 1753 1194 1824 his
1218 1753 1345 1850 opponi
1359 1749 1494 1848 possunt
1511 1753 1664 1824 codices,

540 1860 681 1930 Hearnii
697 1873 733 1928 et
746 1860 925 1941 Paeanius,
943 1857 1008 1950 qui
1024 1852 1206 1928 accusativo
1220 1869 1375 1934 utuntur,
1399 1867 1457 1924 aut
1469 1856 1514 1924 ita
1532 1854 1648 1927 lucum

540 1962 816 2056 interpretantur,
842 1957 1116 2027 ut-accusativum
1139 1951 1251 2048 legisse
1270 1952 1453 2024 videantur.
1517 1953 1649 2026 Ultimo

540 2062 618 2132 loco
635 2061 747 2156 quaeri
761 2055 890 2156 potest,
915 2083 1001 2131 num
1012 2052 1122 2140 ‚Histri
1141 2054 1278 2128 navibus
1294 2053 1515 2153 fruinentrriis
1529 2057 1649 2126 Roma·

538 2186 673 2249 norum,
700 2159 854 2255 adeoque
869 2159 1043 2243 onerariis,
1054 2227 1057 2240 ,
1068 2154 1109 2226 ad
1124 2158 1310 2253 piraticam,
1325 2153 1370 2225 'in
1385 2178 1450 2251 qua
1464 2153 1577 2252 parvis‘
1588 2181 1645 2228 na·
1665 2226 1675 2236 ,
1701 2211 1704 2218 .

540 2264 632 2352 vigiis
659 2287 746 2361 opus
772 2259 838 2342 est,
870 2263 919 2334 uti
933 2258 1129 2357 potuerint?
1169 2254 1271 2339 Quod
1285 2269 1324 2326 ut
1343 2279 1461 2352 parurn
1474 2252 1647 2328 verismise

541 2361 608 2443 est,
647 2364 692 2434 itu
714 2363 816 2442 nubis
841 2353 885 2430 τί
904 2383 994 2430 naurs
1016 2355 1273 2454 praeferendum
1299 2356 1446 2426 videtur:
1487 2357 1649 2452 loquendi
1755 2381 1762 2416 ‘-

417 2545 419 2554 ,
538 2467 632 2540 enim
652 2457 815 2534 formulae
839 2459 902 2530 hac
921 2459 1028 2532 multo
1050 2430 1333 2526 insolentiores'in
1348 2459 1512 2552 Eutropio
1526 2482 1645 2532 occur·
1704 2453 1713 2468 ’
1764 2465 1766 2470 ’

430 2599 471 2638 μ
538 2580 630 2640 runt.
683 2567 722 2634 In
743 2561 844 2634 rebus
861 2555 965 2652 ,geiiis
986 2555 1186 2628 Hannibalis
1215 2558 1394 2652 Eutropius
1420 2557 1514 2629 dicit:
1547 2561 1648 2653 Asper
1697 2641 1701 2649 ,

514 2650 635 2740 'auru
655 2689 691 2736 rc
706 2674 803 2756 purte
816 2665 913 2731 inuias
925 2660 989 2758 fibi
1000 2655 1158 2750 frutescit,
1181 2652 1259 2752 (111.
1273 2647 1305 2739 έ.
1323 2657 1363 2728 at.
1376 2661 1427 2750 ·4.)
1445 2683 1511 2756 quo
1534 2660 1610 2734 loco
1626 2689 1646 2734 e
1733 2715 1742 2726 .

537 2767 643 2842 tribus
659 2761 829 2837 codicibus
853 2763 1016 2834 laudatum
1038 2753 1084 2830 est
1102 2759 1199 2830 adbuc
1216 2771 1296 2844 tum,
1325 2758 1417 2854 quod
1430 2784 1498 2830 non
1515 2759 1647 2836 videtur
1712 2786 1715 2812 ‘

540 2867 789 2955 abiicidebere,
841 2861 943 2939 Haud
955 2859 1061 2932 'dubie
1081 2861 1171 2932 enim
1188 2857 1370 2950 legendum
1395 2858 1442 2944 est
1454 2863 1550 2958 cdsuc
1565 2867 1645 2953 dum

429 2997 434 3004 ·
540 2973 633 3044 cuius
661 2967 721 3040 suit
742 2967 845 3038 facilis
867 2965 1005 3036 neuntio
1024 2965 1059 3032 in
1080 2975 1165 3041 tum,
1198 2960 1290 3057 quod
1312 2960 1447 3058 quidem
1474 2962 1553 3036 ferri
1574 2993 1645 3052 non

400 3075 408 3084 '
535 3067 668 3170 potest3
693 3083 750 3138 aut
769 3071 855 3152 dum,
880 3062 1060 3161 quoderat
1077 3063 1130 3134 hic
1148 3065 1264 3146 rarius,
1291 3059 1515 3136 omissumesi.
1578 3071 1647 3144 Sia
1764 3125 1766 3132 .

502 3161 510 3172 ⁵
538 3172 662 3246 criticis
679 3165 960 3242 observationibus
977 3161 1019 3236 ad
1033 3165 1219 3255 exegeticus
1238 3163 1452 3246 transeamus:
1461 3167 1646 3242 invenimus

474 3304 477 3314 ·
538 3271 715 3346 nonnuliis
734 3267 813 3338 hinc
831 3267 909 3338 inde
926 3263 1104 3362 adspersas:
1127 3261 1258 3334 videtur
1278 3268 1366 3335 enim
1382 3289 1502 3361 parcus
1519 3268 1553 3338 in
1576 3269 1644 3342 hoc

472 3366 475 3374 ’
539 3359 675 3470 genere)
687 3367 750 3442 eise
763 3364 914 3448 voluisse,
942 3391 1018 3436 cum
1039 3367 1078 3440 ab
1094 3367 1166 3440 aliis
1183 3364 1255 3438 satis
1276 3361 1357 3436 ess'et
1371 3369 1555 3451 monitum,
1581 3397 1644 3446 nec

539 3477 639 3568 digna
660 3474 766 3548 oratio
781 3470 954 3564 Eutropii,
985 3491 1070 3563 quae
1094 3467 1135 3537 ad
1155 3467 1242 3540 benc
1257 3461 1470 3540 scribentium
1490 3494 1644 3546 normam

309 3654 316 3667 .
374 3551 376 3556 Ι
448 3577 450 3582 ’
503 3561 505 3566 ’
540 3579 747 3666 erigeretur,
782 3587 817 3642 ct
832 3569 958 3665 ubique
977 3585 1171 3666 temporum
1189 3568 1328 3640 illorum
1347 3572 1587 3665 rregsigentiam
1608 3571 1654 3649 et*
1751 3577 1755 3584 ’

445 3683 482 3708 ¹¹
536 3673 685 3747 imitandi
712 3669 869 3744 inscitiam
897 3669 1071 3765 proderet.
1151 3668 1321 3752 Quorsum
1347 3670 1433 3744 haec
1452 3671 1645 3764 referimus,
1714 3709 1722 3718 ·

503 3787 508 3800 ’
561 3797 623 3844 uae
638 3774 719 3844 olim
733 3769 983 3846 observavimus.
1034 3773 1122 3840 Cum
1133 3767 1408 3863 mundaresenutui
1420 3782 1645 3852 ebremarum
1723 3845 1731 3856 .

624 3873 663 3946 bu
681 3867 742 3969 (11.
753 3893 788 3965 7.
804 3879 846 3948 V.
861 3870 912 3971 3.)
926 3867 1097 3964 significet,
1111 3887 1176 3966 per
1190 3870 1318 3963 legatos
1331 3878 1507 3974 nunciare:
1533 3879 1645 3974 potest

307 3945 310 3954 Ι
411 4051 416 4061 ,
535 3970 667 4054 sonasse
694 3976 869 4072 utriusque
899 3973 966 4049 loci
995 3973 1200 4074 recuperatio
1228 3972 1367 4050 modum
1389 3977 1546 4075 loquendi
1570 3981 1644 4051 iliu·
1723 3969 1728 3986 ¹

1441 4105 1448 4116 “
1475 4173 1478 4178 1
1527 4076 1641 4159 ibere.
