3506 4848
463 344 468 352 ,
517 279 613 364 ες,
680 236 1454 346 ''novancnnnnuornoausr
1577 353 1583 364 ι

517 479 736 554 camporum
761 449 853 524 telle
879 447 1022 544 dicatur,
1048 449 1161 522 slonrit
1180 425 1327 544 pluribus
1343 421 1625 535 eloquentiae-an·
1649 531 1651 536 ¹

1634 252 1739 311 κ’,

518 567 602 638 ni...
633 556 699 629 Sed
707 549 838 626 'editum
855 567 938 634 erat,
962 551 1145 648 eloquentia,
1172 573 1236 621 nee
1250 551 1400 621 Rhenani
1419 547 1501 622 liber
1520 548 1627 624 neces·
1649 593 1669 616 κ
1733 572 1737 580 ’

518 664 600 738 sario
615 648 811 752 'sequendus
832 654 906 726 fuit.
959 657 1052 724 Hinc
1067 652 1152 723 bene
1171 651 1302 722 videtur
1322 651 1352 721 se
1368 649 1510 740 babere,
1537 649 1628 748 quod
1706 695 1736 736 ,-

519 765 649 854 vulgata
668 755 765 830 lertio
789 755 931 838 indicat,
967 753 1088 839 diutius
1107 752 1257 826 Athenas
1273 747 1417 824 floruisse
1435 751 1628 848 eloquentia

520 884 591 938 uno
603 879 736 940 teneret
751 873 850 954 quam
865 874 992 928 ceteras
1003 857 1151 926 civitates
1170 849 1343 938 Graeciae,
1359 879 1445 950 quae
1463 857 1513 924 vix
1525 879 1630 926 unum
1738 845 1740 864 ‘

322 1037 326 1046 .
522 982 579 1040 aut
600 965 741 1035 altermn
762 975 934 1050 oratorem
949 956 1070 1028 eodem
1085 975 1239 1054 tempore
1258 951 1448 1031 habuissent.
1502 955 1631 1046 Ibidem
1656 972 1687 1047 ‚¹

387 1129 391 1142 .
455 1075 462 1102 '
523 1069 618 1151 uncis
632 1059 927 1134 inclulitttmaltne
938 1057 1025 1145 oliae,
1052 1056 1117 1144 seu,
1131 1073 1169 1129 ut
1182 1057 1301 1128 volunt
1310 1057 1466 1128 'nonrmlli
1482 1058 1632 1131 ecodice

270 1197 278 1204 ·
307 1177 311 1184 ”
471 1183 475 1186 ’
523 1167 665 1250 Burerii,
689 1175 720 1234 et
733 1168 763 1234 in
776 1161 881 1242 Italia,
901 1163 977 1257 quia
991 1159 1104 1254 aliquis
1118 1162 1153 1229 in
1168 1162 1317 1248 margine
1332 1155 1456 1230 notalle
1473 1159 1634 1246 videatur,
1732 1181 1739 1192 ·

527 1282 558 1342 et
578 1272 609 1338 in
629 1266 723 1338 ltalia
746 1255 910 1343 accidisse,
942 1259 1033 1357 quod
1052 1261 1107 1331 bie
1126 1259 1322 1334 de'Graecie
1348 1277 1507 1332 narretur.
1568 1266 1636 1334 Pro

527 1367 663 1462 vulgato
678 1367 835 1438 statoriam
848 1367 1035 1456 temporess.
1054 1368 1125 1448 12.)
1148 1359 1240 1432 malit
1263 1357 1454 1448 rescribere,
1480 1366 1583 1459 dapne
1604 1367 1638 1432 in
1704 1359 1706 1366 '

529 1475 704 1564 tempore,
726 1471 747 1540 i.
764 1494 794 1545 e.
813 1480 1016 1564 opportune.
1066 1467 1158 1534 Nam
1183 1464 1284 1532 eodem
1307 1476 1442 1554 tempore
1463 1466 1515 1534 vix
1540 1477 1638 1562 putat
1712 1457 1739 1496 ”¹

403 1637 409 1646 .
468 1565 480 1652 J
531 1569 665 1645 defendi
692 1565 803 1667 posse,
846 1567 935 1639 nulla
960 1584 1072 1638 tamen
1098 1563 1206 1634 addita
1229 1562 1329 1636 causa.
1405 1563 1506 1650 Quod
1526 1581 1642 1636 autem

410 1683 415 1692 “
507 1715 512 1732 .
532 1680 577 1766 (Ι.
594 1675 666 1759 14.)
684 1663 863 1762 legendum
878 1683 989 1766 putat:
1015 1669 1082 1740 baio
1098 1670 1142 1738 rei
1154 1690 1214 1758 per
1230 1669 1308 1736 idern
1327 1677 1446 1758 tempas
1463 1691 1524 1759 ,ner
1537 1671 1662 1739 civita·
1703 1681 1710 1690 ·

469 1789 480 1798 ²
532 1787 580 1848 tes
605 1768 811 1868 propagatum
832 1771 1013 1864 nubiumque
1033 1784 1095 1847 etc.
1124 1766 1157 1838 id
1173 1784 1208 1838 et
1225 1765 1425 1840 smillimum
1442 1764 1488 1840 est
1504 1771 1643 1842 Liuiano

425 1888 427 1894 '
533 1879 642 1964 (v111.
661 1879 753 1965 13),
778 1887 814 1942 et
826 1873 960 1964 linguae
972 1867 1042 1942 usui
1056 1872 1277 1945 conveniens.
1328 1867 1529 1967 Suspetlum
1545 1872 1576 1941 ei
1595 1872 1646 1942 vi·

371 1963 379 1974 ’
516 1975 635 2049 -detur
655 1975 795 2046 verbum
808 1972 936 2067 senatus
958 1970 1034 2068 post
1055 1973 1215 2064 optimates
1236 1975 1297 2062 (IL
1317 1975 1382 2062 3.),
1410 1974 1487 2069 quia
1504 1995 1569 2069 pro
1595 1972 1645 2044 se·
1733 2025 1739 2030 -

413 2079 418 2088 ’
449 2112 472 2138 >
534 2091 615 2152 natu
633 2074 744 2174 posuit
758 2075 905 2146 Velleius
930 2079 989 2164 (Il.
1001 2078 1081 2168 47.)
1107 2076 1297 2170 optimates.
1347 2077 1390 2144 Et
1411 2088 1523 2145 tamen
1544 2072 1585 2144 ad
1608 2075 1672 2146 il-'‘

506 2251 508 2256 .
536 2180 607 2252 lum
622 2177 735 2248 locum
752 2175 842 2264 dicit,
863 2171 1066 2271 potiffimum
1082 2173 1248 2246 senatores
1267 2173 1422 2265 intelligi:
1443 2173 1531 2246 unde
1548 2173 1646 2247 locus

496 2291 609 2368 '‘non
633 2277 704 2350 satis
727 2293 824 2376 aptus
848 2276 986 2358 videtur.
1046 2279 1082 2348 Si
1100 2274 1269 2380 dicamus,
1298 2277 1466 2350 Velleium
1491 2273 1649 2352 indicasse

506 2463 508 2468 ¹
538 2384 684 2481 primum
702 2404 811 2472 genus
837 2382 1028 2472 optimates,
1042 2378 1076 2456 b.
1094 2401 1123 2448 e.
1139 2379 1250 2448 botros
1271 2381 1360 2448 cives
1378 2381 1649 2478 (Ciepro'Sent.

539 2507 572 2554 c.
592 2503 653 2574 45.
678 2484 774 2564 66),
802 2477 922 2550 deinde
943 2495 1009 2548 tres
1032 2475 1172 2562 formas,
1203 2476 1367 2560 senatum,
1396 2484 1546 2574 equites,
1577 2479 1650 2579 ple·
1740 2529 1742 2532 -

414 2635 418 2643 .
538 2581 641 2666 bem,
657 2583 783 2676 poterit
797 2581 933 2652 verbum
948 2579 1095 2650 retineri.
1146 2575 1220 2649 Poll
1235 2579 1415 2650 multorum
1429 2579 1650 2656 eonlesiurae
1709 2599 1715 2606 ·

375 2691 378 2702 ’
539 2687 599 2773 (ll.
620 2687 694 2767 26.)
711 2681 778 2777 ipse
795 2679 836 2751 fic
855 2683 992 2752 tentavit
1009 2681 1122 2750 locurm
1141 2679 1316 2776 expedire:
1343 2675 1499 2774 Quamuis
1514 2699 1577 2754 tam
1592 2673 1651 2754 hri·
1740 2763 1742 2772 Α

540 2788 589 2856 ius
606 2785 726 2880 gloriae
738 2781 903 2878 firmaeque
924 2783 1053 2875 atteffit!
1081 2781 1173 2852 Nunc
1191 2788 1289 2854 virtus
1309 2786 1438 2857 emineas
1462 2798 1493 2855 o
1510 2789 1652 2880 patriam

541 2887 629 2966 latit
685 2883 851 2958 Contrebia
871 2888 1004 2956 exercito
1022 2889 1080 2976 (ll.
1102 2888 1173 2974 19.)
1195 2899 1303 2956 mutat
1316 2888 1351 2956 in
1371 2889 1548 2969 cacamotto
1561 2899 1651 2959 exr'r-
1702 2901 1706 2908 “
1737 2921 1742 2928 ·

483 3018 493 3026 ·
541 2992 615 3074 atu,
639 2987 849 3083 quodnemo
866 2985 958 3056 facile
976 2984 1188 3082 improbabit,
1215 2987 1653 3082 quicogitare1·it,8ullam
1726 2981 1732 2992 ’

501 3129 512 3160 ‚1
543 3105 617 3161 tum
646 3084 794 3182 habuisse
816 3090 881 3158 iam
903 3087 1105 3170 exercitum,
1129 3105 1165 3158 et
1188 3089 1301 3160 locum
1324 3092 1351 3156 F
1354 3090 1414 3160 lori
1429 3094 1502 3178 (ΙΙΙ.
1521 3113 1577 3170 21.
1595 3093 1652 3179 6.)

464 3243 469 3256 ,
543 3191 793 3286 comparaverit.
847 3187 911 3258 Sed
939 3215 1017 3274 eum
1043 3188 1166 3260 ibidem
1185 3203 1294 3271 tenet,
1324 3191 1435 3260 eiulatu
1456 3207 1655 3285 expromente

331 3361 335 3390 ,Ι
386 3387 391 3398 ¹
544 3293 790 3396 indignationem,
815 3315 886 3362 non
906 3289 1139 3388 disputabimus
1165 3291 1407 3362 utrummelius
1425 3289 1471 3367 fit.
1522 3299 1654 3391 Neque
1709 3367 1718 3378 ,

469 3411 480 3434 ³
546 3395 637 3464 enim
657 3391 814 3478 alterum,
843 3393 1068 3489 exprimente,
1093 3391 1189 3463 sacile
1209 3391 1423 3463 reiieiendum
1447 3392 1501 3474 eil,
1568 3403 1655 3466 Non

546 3493 653 3566 multo
679 3489 751 3591 poll
774 3497 831 3582 (ll.
854 3497 929 3589 24.)
959 3496 991 3564 in
1016 3495 1083 3579 his,
1119 3492 1292 3590 repulsaque
1310 3487 1389 3567 netu
1411 3535 1462 3590 ·.·
1477 3497 1656 3592 saporaret,

548 3590 631 3667 stare
653 3619 722 3680 non
740 3592 851 3692 potest
861 3593 1038 3687 saporaret.
1091 3597 1266 3667 Grunerus
1285 3621 1367 3688 ergo
1389 3604 1546 3681 coniecit,
1560 3599 1656 3693 fitne·
1697 3633 1710 3643 ·

546 3701 640 3783 ravit,
667 3720 733 3791 quo
749 3695 853 3767 modo
870 3713 904 3768 et
916 3698 993 3768 loeo
1011 3695 1199 3780 consulitur,
1224 3712 1259 3765 et
1273 3695 1387 3768 durior
1401 3700 1549 3795 syntaxis,
1568 3725 1658 3798 quae
1741 3753 1742 3756 ,

551 3791 599 3867 ell
616 3799 649 3866 in
674 3796 812 3868 aliorum
834 3797 1084 3880 emendatione,
1114 3797 1244 3872 vitnau.
1295 3801 1427 3870 [ocum
1458 3821 1659 3897 corruptum
1735 3854 1738 3864 .

546 3901 609 3986 (ΙΙ.
631 3899 708 3991 35.)
727 3896 813 3968 bomo
836 3902 945 3970 uirtuti
956 3898 1126 3994 similinus
1148 3921 1217 3968 non
1238 3913 1334 3998 putat
1355 3904 1605 3979 emendandam
1621 3905 1659 3974 in
1739 3895 1742 3918 ¹

435 4051 439 4061 .
549 3993 656 4073 uerbo
671 4001 802 4082 vittatit
834 3999 889 4074 sed
909 4001 943 4073 in
964 3999 1123 4101 partitiale
1143 4023 1202 4072 non
1211 4055 1220 4088 ‚
1247 4025 1346 4100 quam
1362 4007 1516 4078 euvenus
1530 4005 1662 4081 invenie

618 4125 624 4138 ·
1584 4117 1661 4182 ante
