3494 4836
456 219 463 224 ’
541 275 644 346 aar·
741 239 1071 320 novarent
1106 203 1489 316 radoan-orma
1584 227 1679 346 ’ἢ

504 465 510 474 ’
560 425 702 512 Polonia
716 453 819 527 nemo
833 428 976 516 dubitat,
1003 445 1038 502 et
1049 427 1157 502 nescio
1179 451 1247 524 quo
1267 425 1356 512 casu,
1378 425 1434 496 vel
1447 447 1513 520 qua
1530 429 1671 513 ratione,
1728 463 1730 468 ·

563 535 780 610 literaussrmo
800 536 944 607 &omero
967 533 1051 606 haec
1076 529 1176 605 verba
1196 529 1385 601 exciderint.
1437 528 1568 600 Deinde
1590 531 1673 602 haec

35 641 37 648 '
175 601 210 684 ἡ·
300 663 305 670 ’
562 638 742 722 sententia,
769 636 877 707 dabant
893 635 1004 704 nobiles
1021 635 1134 705 Poloni
1154 636 1185 702 in
1196 617 1338 725 flabdttot
1351 625 1428 721 suos
1440 632 1521 702 visat
1538 637 1726 732 arcique'

561 737 757 834 potestatem,
782 740 921 813 omnmo
943 737 1042 806 etiam
1066 733 1139 805 sunt
1163 731 1219 804 sub
1239 723 1393 802 incudem
1413 732 1616 819 revocanda,
1649 731 1672 806 fi

459 853 461 860 ’
561 844 614 914 ius
630 833 764 923 ciarum,
781 861 860 910 cum
873 834 971 908 abusu
983 837 1074 916 iuris,
1092 833 1181 904 haud
1195 831 1356 904 confundi
1371 832 1505 903 debeat.
1545 836 1668 928 ¹Nobi·
1730 843 1731 846 ’

565 942 626 1027 lis,
654 943 712 1036 qui
729 928 893 1012 subditum
912 935 1023 1024 satum,
1050 935 1102 1006 vel
1116 939 1164 1006 ira
1181 932 1351 1011 incensus,
1382 931 1433 1004 vel
1447 933 1507 1004 alia
1523 962 1562 1008 ex
1578 937 1671 1008 causa
1724 1003 1730 1011 .

563 1043 735 1122 interimit,
756 1061 823 1112 non
838 1036 972 1135 quidem
985 1039 1094 1134 capite
1110 1029 1276 1145 plessitur,
1300 1031 1354 1104 sed
1368 1037 1567 1131 pecuniam,
1587 1061 1669 1138 poe.

563 1169 631 1218 nae
645 1141 733 1228 loco,
750 1140 878 1214 solvere
891 1155 1037 1220 tenetur,
1051 1136 1072 1209 d
1087 1139 1255 1234 interemti
1268 1135 1506 1226 consanguinei
1517 1137 1622 1212 dicam
1640 1143 1676 1212 ei.

533 1297 545 1306 ,κ
563 1241 723 1328 scribant,
764 1241 798 1312 id
823 1240 916 1338 quod
939 1239 1137 1337 plerumque
1159 1255 1201 1308 et
1220 1241 1331 1334 inopia
1354 1239 1599 1326 intermittitur,
1636 1256 1671 1316 ct

562 1343 608 1416 fic
622 1341 787 1414 eiusmodi
804 1341 970 1412 homicida
983 1343 1137 1410 immunis
1152 1335 1208 1416 all.
1236 1343 1317 1409 Hoc
1333 1343 1594 1428 nominemiuris
1608 1346 1671 1416 Po·

483 1473 485 1480 ’
563 1445 786 1536 lonignarum
800 1444 894 1532 fugit.
949 1437 1075 1524 Quodsi
1095 1460 1179 1512 vero
1194 1437 1337 1512 subditus
1359 1439 1527 1526 cuiusdam
1547 1443 1669 1516 nobilis
1729 1439 1731 1514 Ῐ

439 1597 443 1606 -
566 1544 632 1618 tale
655 1549 781 1616 crimen
807 1541 1021 1621 commiserit,
1055 1556 1094 1612 ut
1111 1545 1178 1612 vita
1198 1543 1316 1638 privari
1339 1537 1475 1630 debeat,
1513 1542 1670 1617 domiuus
1712 1559 1718 1568 ‘

565 1648 661 1719 nun
683 1645 788 1718 modo
804 1644 859 1714 sua
873 1639 1069 1715 ausloritate
1086 1641 1119 1712 id
1133 1641 1249 1714 iubere
1264 1639 1382 1740 potest,
1400 1641 1453 1714 sed
1467 1643 1507 1716 ad
1519 1641 1669 1735 callium,
1730 1735 1732 1744 Ι

565 1748 622 1820 seu
634 1745 863 1845 praestiturae
874 1744 1043 1830 iudicium,
1070 1741 1123 1814 vel
1140 1742 1224 1814 aliud
1245 1744 1355 1814 forum
1380 1746 1429 1812 ius
1455 1745 1669 1837 gladiiexer-

489 1863 497 1890 l
564 1871 659 1933 cens,
686 1844 850 1918 eiusmodi
869 1843 1054 1916 maleficum
1066 1844 1236 1918 extradere
1252 1844 1349 1924 solet,
1380 1844 1610 1922 utsecuntlum
1623 1849 1670 1922 le·

566 1937 627 2038 g'es
644 1947 817 2018 damnetur
832 1970 868 2037 ac
880 1949 1049 2042 puniatur3
1074 1943 1184 2017 fivero
1200 1945 1437 2033 secus'fecerit,
1460 1951 1537 2041 lege
1552 1965 1586 2020 et
1599 1939 1671 2024 iure
1730 1945 1732 2004 ἶ

546 2041 700 2120 .ῬοΙὸηο
716 2053 862 2145 poenam
878 2046 1004 2118 solvere
1022 2061 1167 2118 tenetur.
1219 2043 1306 2118 Hoc‘
1324 2049 1413 2118 idem
1432 2075 1535 2121 nemo
1558 2072 1670 2143 negat.

564 2149 650 2221 Inde
668 2147 769 2242 igitur
781 2149 907 2221 insero:
946 2147 1060 2244 quodsi
1077 2147 1198 2222 nobilis
1215 2147 1384 2233 Polorrus,'
1396 2146 1558 2232 subditum
1576 2154 1671 2227 suum

376 2263 379 2270 '
480 2287 482 2294 ·
565 2254 779 2339 interimens,
812 2253 869 2348 qui
889 2253 998 2348 capite
1019 2229 1119 2346 pselli
1142 2250 1196 2322 vel
1213 2253 1353 2331 meruit,
1381 2250 1520 2324 aelmon
1535 2259 1668 2342 meruit,

564 2351 697 2450 semper
716 2370 830 2427 tamen
847 2349 1024 2423 secundum
1043 2353 1092 2422 ius
1110 2350 1276 2422 Polonum
1291 2351 1402 2447 poena
1414 2359 1579 2451 pecuniae
1603 2351 1669 2428 effi·

470 2452 478 2480 ²
564 2453 667 2536 citur,
694 2469 774 2524 tunc
794 2467 887 2523 certe
909 2451 1039 2522 nobiles
1052 2453 1173 2524 Poloni
1190 2455 1225 2524 in
1242 2451 1388 2525 subditos
1405 2459 1489 2526 vitae
1506 2459 1669 2556 necisque

563 2549 762 2652 potestatem
785 2579 853 2626 non
869 2551 1011 2634 habent,
1036 2569 1072 2622 et
1093 2549 1239 2648 optimus
1254 2556 1670 2630 Cromerus'hallucinatus

564 2651 622 2725 est.
673 2657 838 2748 Loquitur
859 2656 960 2723 etiam
979 2653 1020 2724 de
1034 2646 1238 2726 Officialibus
1261 2659 1373 2745 regni„
1396 2657 1556 2752 quisunt:
1588 2660 1671 2757 Q·

403 2823 406 2830 .
510 2759 514 2783 '
563 2757 778 2832 camerarius,
801 2753 947 2844 gladifer,
972 2752 1147 2852 pocillator·
1167 2751 1231 2825 five
1249 2757 1420 2854 pincerna,
1444 2759 1572 2832 mensae
1590 2760 1672 2832 stru-
1697 2829 1702 2839 ,

564 2853 651 2938 ssot,
675 2849 776 2951 quem
791 2853 961 2926 incisorem
977 2872 1108 2938 vocant,
1134 2850 1270 2951 dapifer,
1294 2857 1446 2948 magister
1461 2861 1607 2944 culinae;
1635 2877 1673 2935 et

450 2946 460 2967 ³
488 3023 518 3058 .-
564 2957 635 3031 hoc
656 2957 811 3028 dilemma
835 2956 958 3027 adiicit:
998 2968 1052 3026 out
1074 2959 1162 3028 iidem
1181 2955 1259 3051 sutri
1286 2959 1442 3053 tarrpsrts
1465 2965 1673 3063 Qraroor'ttfis
1732 3029 1733 3032 ,

495 3058 498 3065 ’
562 3063 737 3150 Sarapim,
761 3071 816 3128 out
830 3082 866 3128 to
876 3057 947 3152 fhlo
964 3061 1142 3128 deomnidas
1154 3061 1251 3130 nullos
1264 3061 1366 3130 talea*
1415 3064 1480 3134 Sed
1500 3065 1601 3138 facile
1616 3091 1674 3142 ta·

562 3159 766 3257 spondetur,
798 3183 870 3229 non
893 3155 959 3228 esse
974 3157 1112 3230 eosdem
1134 3155 1302 3237 terrestres
1323 3159 1674 3248 cracoviensrssatra·
1731 3225 1733 3232 .

562 3262 638 3359 piae
655 3251 843 3346 Officiales,
879 3281 956 3330 cuna
971 3252 1174 3332 Officialrbus
1190 3264 1306 3352 regni,
1331 3263 1405 3360 quia
1427 3265 1460 3336 ha
1487 3267 1541 3339 soli
1558 3271 1598 3342 in
1616 3295 1674 3344 co·

562 3360 740 3436 roratione
759 3383 898 3450 regum,
927 3371 962 3429 et
982 3359 1084 3432 vasalli
1099 3359 1232 3434 solemni
1248 3366 1281 3434 in
1296 3364 1431 3437 seudum
1446 3373 1675 3461 inauguratio·

563 3487 619 3548 ne,
642 3477 705 3532 etc.
735 3453 852 3531 officiis
870 3457 932 3532 suis
948 3459 1082 3558 publice
1100 3461 1293 3552 funguntur,
1346 3469 1572 3544 Cracovaensrs
1592 3499 1677 3546 vero
1710 3461 1712 3466 ,

562 3561 770 3646 Palatinatus,
787 3559 841 3633 seu
852 3563 1006 3659 Satrapia,
1022 3559 1096 3636 suos
1111 3563 1212 3644 habet
1228 3559 1385 3640 officiales
1403 3567 1586 3655 terrestres,
1604 3579 1680 3670 qui,

562 3663 587 3736 li
604 3689 661 3734 rea
677 3665 709 3732 in
725 3662 904 3736 Palatinatu
919 3664 1126 3737 Cracoviensr
1140 3685 1423 3757 coramoraretur,
1450 3687 1532 3744 tunc
1545 3669 1679 3748 officia-

452 3773 455 3782 ’
561 3767 613 3842 les
628 3759 797 3840 terrellres
812 3765 977 3858 satrapiae
994 3764 1212 3838 Cracoviensrs
1227 3765 1328 3848 idem,
1347 3771 1489 3844 ‘iubente
1507 3791 1607 3868 rege‚¹
1632 3779 1681 3853 fa.

545 3860 1682 3962 ‚cerent,orceptisastibussolemnibus,quodaliiOfficialesterres-
1732 3943 1733 3948 ,

557 3979 628 4056 tros
643 3965 677 4034 in
685 3963 860 4042 Palatinam
870 3963 1047 4050 Masoviae,
1061 3966 1112 4040 vel
1130 3967 1193 4054 alio
1207 3992 1420 4070 quocunque.
1456 3978 1554 4052 Clare
1571 3984 1684 4074 igitur

1370 4115 1384 4154 t
1416 4113 1418 4118 ·
1604 4055 1693 4159 sunt
1725 4149 1729 4154 .
