3494 4836
233 225 430 328 nensis
463 165 1055 326 run1‘1ngnucctmsrrr.
1111 249 1187 330 279
1230 161 1245 297 ⁸.
1349 325 1352 340 ,

335 411 504 488 nora
536 385 942 502 terraneam-
1051 424 1055 440 ·
1196 443 1201 452 ·

137 537 282 610 Prodiere
298 561 408 634 nuper
421 537 618 626 admodum,
647 533 804 620 sumtibus
823 539 1132 616 Lucbtmanfiorum
1148 559 1185 616 et
1244 527 1248 538 ’
1299 599 1303 606 ·

73 631 83 656 ‘
99 643 232 716 Iohannis
247 639 277 708 le
292 644 395 709 Maiae:
428 639 576 732 Origenes
593 643 761 722 Hebraeae,
777 641 841 713 live
859 644 1037 716 Hebraeae
1051 645 1196 735 linguae

101 738 285 836 antiquiffima
302 757 417 838 natura
432 757 468 812 et
482 742 621 826 indoles,
638 768 677 812 ex
686 737 826 816 Arabiae
847 743 1070 840 penetralibus
1085 771 1183 816 revo-

100 841 337 916 atta'abAlberto
351 835 516 922 Sebaltens.
550 834 659 915 Editlo
676 846 804 922 Altera.
844 849 904 916 Cui
916 843 1081 918 adietlum
1096 871 1182 942 opu·

100 945 220 1016 iculum¹
243 941 283 1011 de
329 939 525 1016 Desetbbus
576 945 747 1017 hodiernis
791 948 942 1038 Linguae
973 947 1179 1018 Hebraeae:
1222 1008 1231 1054 ,ἢ
1289 969 1315 1055 ἰ
1387 937 1388 948 ¹

102 1043 216 1138 ablph.
232 1061 292 1126 η.
312 1033 424 1139 plagg.
443 1049 621 1139 quaternis.
674 1049 771 1118 Pauci
800 1045 871 1118 sunt
890 1051 977 1119 inter
997 1046 1097 1118 libros
1112 1047 1181 1118 boc

100 1147 183 1217 lerulo
198 1143 325 1228 editos,
361 1169 505 1240 quorum
524 1171 632 1244 aeque
653 1163 725 1218 erat
743 1148 889 1243 optanda
906 1151 1045 1246 repetita
1063 1145 1180 1218 descri-
1267 1207 1273 1214 .

100 1253 167 1345 pain,
195 1271 231 1315 ac
250 1247 349 1316 huius
365 1250 486 1340 operis,
514 1250 598 1320 adeo
613 1249 746 1346 quidem
761 1247 853 1336 clari,
888 1265 921 1342 pt
936 1243 1108 1320 dollillimi
1122 1271 1179 1318 cu·

101 1353 191 1442 iusque
205 1345 359 1418 consensu
381 1345 590 1441 praeliantis,
616 1369 653 1420 ut
668 1354 892 1446 principatum
916 1353 949 1422 in
968 1350 1037 1420 boc
1053 1371 1178 1439 genere
1226 1339 1233 1368 '‘

101 1448 171 1520 bule
185 1455 265 1520 tuen'
282 1445 391 1543 pellit.
446 1453 530 1532 Quis
548 1449 691 1521 ellenim
716 1453 773 1544 qui
789 1453 900 1520 veram
917 1468 952 1522 et
966 1467 1115 1521 veterem
1131 1450 1181 1518 di·
1233 1447 1241 1460 ’
1310 1538 1313 1553 .

103 1549 211 1621 fundae
229 1549 472 1644 ducendaeque
486 1555 635 1644 Linguae
651 1550 828 1622 Hebraeae
850 1557 1010 1622 rationem
1026 1550 1177 1620 obscura·

102 1669 150 1722 tm
165 1649 354 1746 aliquamdiu
373 1657 537 1740 revocavit
552 1657 584 1724 in
601 1653 729 1733 lucem3
757 1653 812 1743 qui
829 1670 1011 1750 pauperem
1028 1669 1062 1722 et
1080 1653 1177 1721 muti·
1257 1671 1267 1683 ’

91 1752 145 1822 'lan
155 1751 364 1848 locupletavit
378 1779 446 1824 non
467 1771 532 1824 tam
551 1757 645 1826 novis
660 1754 836 1839 thesauris,
873 1779 969 1848 quam
986 1756 1124 1848 antiquis
1143 1764 1178 1820 et

100 1879 158 1924 aere
172 1855 224 1924 luis
236 1878 244 1937 3
276 1857 345 1949 qui,
358 1879 400 1923 ne
412 1851 637 1926 flutluandum
647 1853 727 1927 ell'et
738 1854 877 1948 amplius
890 1859 922 1926 in
934 1852 1102 1948 tratland'a
1111 1854 1177 1935 illa,

85 1955 381 2052 xprovidltl'eliciter3
409 1959 580 2052 quitertus
596 1956 671 2028 sacri
689 1955 834 2026 Hebraei
851 1955 1091 2054 interpretandi
1106 1975 1177 2043 gra·

99 2055 225 2128 villarum
242 2053 458 2154 praefidium‚
485 2059 577 2152 quod
595 2083 613 2128 e
629 2051 778 2128 dialectis
799 2056 974 2142 adfinibus,
1009 2057 1062 2128 led
1077 2053 1177 2124 maxi·
1207 2099 1210 2106 ·

99 2179 140 2226 ne
153 2157 296 2242 brabaca,
320 2161 464 2253 petitur,
490 2179 524 2230 et
539 2161 710 2258 explicavit
725 2155 996 2248 confirmavitque
1013 2173 1176 2240 accurate,
1201 2207 1204 2214 ,

100 2273 129 2326 et
139 2259 192 2351 iplo
202 2261 252 2331 alu
268 2255 451 2330 felicillime
467 2257 724 2340 commendavit,
739 2255 795 2328 nili
816 2257 882 2329 boc
896 2259 1017 2330 fatlum
1032 2255 1177 2329 aScbul·

83 2357 183 2450 'tenlo
201 2359 340 2439 fateare,
368 2383 445 2432 cum
465 2363 531 2433 aliis
546 2367 578 2432 in
593 2361 706 2442 libris,
738 2377 808 2430 tum
829 2365 973 2458 primum
995 2376 1029 2430 et
1049 2358 1177 2455 praeci·

98 2479 150 2554 pue
162 2462 220 2538 hoc
234 2472 267 2536 in
285 2465 415 2557 Opere,
441 2487 507 2558 quo
522 2463 609 2562 quali
622 2463 749 2554 fignutn
768 2462 923 2558 praetulit
936 2463 1004 2535 LL.
1022 2462 1176 2530 Orienta-

99 2559 156 2632 lium
171 2559 325 2646 studiolis,
355 2565 446 2660 quod
460 2565 580 2636 deinde
595 2561 843 2659 frequentiffimi
864 2564 961 2642 secuti
978 2563 1067 2644 sunt,
1094 2583 1177 2629 non·

97 2664 155 2732 nulli
175 2671 267 2740 etiam
287 2666 341 2736 'de
367 2665 428 2767 luis
451 2670 557 2762 copiis
582 2663 732 2738 illustrius
756 2669 954 2761 certiusque
971 2659 1175 2762 praestitere.

96 2766 144 2835 Sed
159 2791 229 2840 curn
252 2769 376 2846 barum
403 2769 582 2858 Orrginum¹
602 2771 739 2858 Turnus
756 2773 781 2840 l.
807 2775 907 2837 Anno
929 2789 1035 2858 1724.
1054 2768 1178 2834 Franc-

97 2887 207 2958 querae,
255 2861 343 2944 alter
371 2867 476 2959 Lugd.
509 2874 710 2940 Batavorum*
743 2875 781 2938 Α.
808 2880 918 2960 1738.
964 2867 1073 2937 editus
1106 2862 1178 2930 fue-

95 2967 136 3048 rit,
166 2967 287 3042 fabum
310 2965 374 3050 est,
404 2986 442 3040 ut
462 2967 538 3066 post
554 2985 607 3041 tot
622 2969 726 3038 aranei
747 2971 890 3038 rariores
914 2971 948 3038 in
969 2965 1179 3038 librariorum
1286 2979 1290 2991 ¹
1325 2985 1334 2994 ·

94 3065 213 3142 taberne
234 3059 472 3155 occurrerent,
487 3070 613 3141 'multis
633 3085 746 3140 autern
764 3071 799 3138 in
827 3068 911 3139 locis
933 3069 1071 3138 omnino
1097 3056 1183 3133 defi>

93 3165 270 3246 letarentur.
352 3173 460 3241 Nunc
484 3173 583 3262 igitur
610 3195 680 3268 uno
706 3171 886 3242 Volumina
911 3167 1179 3265 comprehenlas,

94 3265 181 3342 loma
190 3278 329 3358 maiore,
354 3272 476 3342 chartis
492 3271 612 3356 nitidis,
639 3271 827 3373 litterisque
845 3271 962 3368 probis
985 3267 1100 3342 excudi
1123 3263 1180 3334 de·

92 3393 150 3439 nuo
164 3373 314 3446 iullerunt
333 3370 451 3462 librarii
470 3373 703 3466 intelligentes,
714 3389 750 3443 et
764 3389 911 3444 amantes
927 3381 976 3443 rei
991 3366 1179 3441 litterariae.

89 3469 171 3542 Nihil
188 3475 239 3546 bic
256 3476 489 3548 demtumaut
505 3491 685 3554 mutatuma
723 3472 778 3542 led
802 3474 949 3542 additum
972 3487 1085 3542 tamen
1109 3467 1180 3537 lau·

88 3570 179 3646 dendo
190 3577 331 3651 confilio
352 3573 532 3670 Opasculum
551 3577 588 3644 de
600 3571 780 3667 Desellibas
793 3573 943 3642 ludicram
954 3573 1098 3666 Linguae
1116 3559 1183 3636 He·
1248 3597 1250 3606 ¹

86 3674 191 3766 betae,
223 3673 388 3774 eorumque
402 3675 652 3771 resarciendarum
665 3673 802 3766 tutffara
815 3675 1060 3754 eiaacrarioee,
1093 3667 1184 3764 sepa·

85 3781 380 3877 numerscriptum
398 3787 439 3852 A.
463 3801 568 3870 1730.
618 3782 728 3854 Huius
743 3778 831 3846 enim
843 3791 1082 3867 argumentum
1096 3787 1229 3864 'conr‘
1376 3791 1379 3798 ·

83 3876 304 3953 iunffiffimum
317 3875 364 3948 ell
379 3877 450 3973 iplis
466 3877 677 3971 Originibus;
705 3893 740 3952 et
755 3879 886 3972 quaein
901 3875 951 3946 his
964 3899 1027 3970 pro
1044 3873 1104 3946 illo
1116 3883 1186 3948 *ne*

84 3973 201 4056 duanae
213 3979 401 4074 vindiciae,
424 3981 529 4104 magis
544 3983 644 4062 etan
656 3977 752 4060 insen
766 3975 845 4066 llud
858 3973 1186 4152 postdtbmqerfig

1292 4071 1305 4090 Ι

1296 4223 1302 4228 -
1366 4129 1412 4248 q

1224 4303 1233 4318 a
