3494 4836
95 337 98 344 ²
220 195 1255 368 ·raa1usrs1UN11ntss)cctxu.r.1t,289'
1378 325 1381 332 ·

89 431 205 540 graecis
221 439 408 546 epdicibus,
431 436 455 512 fi
471 443 528 537 qui
542 439 632 512 sorte
649 439 770 532 integri
784 437 855 520 sint,
871 429 1087 516 restituantur
1103 448 1188 522 inte·
1253 527 1257 534 ,

91 547 186 640 gritati
206 543 291 616 suae.
343 537 398 613 Est
419 541 470 616 bis
485 543 617 626 Arriani
630 539 721 614 libris
738 540 868 614 libellus
889 539 1098 629 subiundius,
1131 551 1189 645 qui
1328 615 1331 634 ,

91 649 206 720 ridetur
219 645 402 735 fragmenta
418 646 593 716 continere
612 644 735 750 Operis
756 643 841 732 eius,
864 643 956 742 quod
973 645 1061 718 idem
1080 653 1190 722 Arria·

90 775 141 823 nus
163 749 204 820 de
219 746 317 842 Bello
334 743 485 816 adversus
501 743 623 831 Alanos
639 740 731 836 gello
760 743 1009 843 conscripserat,
1042 763 1076 819 et
1094 755 1189 824 cuius
1317 753 1326 762 ’

90 853 211 926 titulum
227 847 506 920 serravitPsrotius
522 844 605 918 Cod.
617 849 736 924 LVIlI.
787 849 919 932 &mus
939 875 959 920 e
979 847 1099 939 Dione,
1126 860 1189 926 Ar·

56 985 69 1016 s
92 957 225 1036 r'unum,
251 947 485 1046 Cappadociae
506 943 712 1045 praesesium
729 973 773 1022 eo
790 963 961 1044 tempore,
985 948 1095 1024 vicisse
1112 953 1191 1026 Ala·
1231 997 1236 1008 ·

94 1080 161 1138 uos,
182 1045 439 1126 dumerosrffir'no
456 1049 606 1142 equitatu
620 1045 781 1139 insignes;
805 1075 916 1146 neque
938 1065 1051 1124 tamen
1063 1045 1120 1124 vel
1137 1079 1190 1126 rc·
1303 1050 1309 1060 “

95 1159 141 1258 gio
156 1151 296 1236 indicata
308 1145 366 1240 est,
390 1175 455 1250 qua
468 1147 882 1244 depugnatumRomanos
900 1153 987 1224 inter
1002 1170 1101 1250 atquc
1114 1153 1191 1242 Ala·

96 1283 147 1329 nos
159 1255 228 1327 suit.
281 1255 400 1349 Capite
417 1265 509 1332 caret
523 1265 569 1322 et
588 1245 658 1322 fine
674 1247 900 1348 fragmentum
922 1251 1006 1338 hoc;
1035 1256 1067 1325 in
1084 1259 1122 1324 iis
1143 1269 1191 1327 ta·
1258 1323 1261 1330 r
1404 1311 1407 1318 .
1485 1250 1491 1264 '

97 1383 179 1436 rnen,
200 1380 286 1454 quae
306 1352 500 1454 supersunt,
527 1350 610 1422 ordo
632 1352 758 1424 itineris
775 1355 951 1442 exercitus,
969 1352 1019 1427 et·
1032 1357 1112 1426 aciei
1125 1359 1192 1428 Ro·
1219 1349 1223 1360 ’
1329 1382 1335 1394 ’
1475 1381 1477 1388 ⁴

99 1483 259 1532 manomm
280 1459 376 1543 ratio,
398 1448 595 1524 exasiisllme
611 1451 858 1539 describuntur,
884 1457 928 1526 ita
943 1469 983 1526 ut
1001 1455 1054 1528 vel
1072 1481 1192 1555 capro·

101 1579 163 1658 pter
185 1558 371 1631 militariam
391 1555 622 1648 antiquitatum
647 1553 781 1628 curiosis
806 1553 979 1648 gratissima
999 1553 1064 1628 eise
1086 1557 1193 1631 vcrfio

104 1659 256 1734 Guiscardi
269 1665 311 1731 V.
322 1656 371 1734 el.
382 1653 512 1746 debeat,
538 1657 594 1752 qui
613 1649 794 1740 clesiione
809 1671 964 1730 veterum
983 1661 1195 1754 Scriptorum
1241 1695 1267 1724 .·
1298 1721 1305 1728 .

100 1759 285 1860 quibusdam
309 1759 440 1840 Arriani
461 1756 543 1834 locis
569 1779 725 1850 magnam
746 1756 809 1828 suis
833 1755 1116 1836 observationibus
1145 1759 1194 1829 lu·
1430 1808 1447 1826 ,.
1488 1783 1491 1790 ’

104 1890 168 1936 cem
193 1861 326 1936 adsudit.
360 1858 507 1952 ¹Ultimo
529 1857 606 1932 loco
624 1855 673 1930 est
687 1859 758 1934 Iulii
777 1855 916 1952 Caesaris
935 1860 1088 1952 Africana
1103 1883 1208 1959 expe-¹
1286 1897 1293 1910 .
1400 1885 1410 1900 ’

104 1969 178 2048 ditia
185 1966 295 2036 Hirtio
312 1961 484 2058 scriptore,
498 1957 662 2056 capitibus
680 1958 860 2034 duodecim
872 1961 913 2036 ab
927 1957 1037 2034 illustri
1047 1962 1197 2036 Guilcar·
1288 1975 1290 1990 '

104 2069 143 2139 do
160 2059 390 2160 elegantisfime
408 2057 563 2158 exposta.
613 2059 688 2160 lpse
714 2057 1034 2160 analysrninscripsst
1084 2067 1128 2136 Et
1143 2087 1195 2138 re·
1277 2061 1309 2076 '⁸
1352 2109 1359 2117 -
1500 2095 1503 2112 ·

105 2166 153 2242 lte
165 2165 310 2268 quidem:
336 2163 494 2236 militares
517 2165 607 2234 enirn
624 2178 712 2233 artes
728 2162 880 2248 Caesaris,
898 2165 1062 2236 advocatis
1075 2167 1109 2236 in
1126 2163 1197 2234 sub·
1421 2247 1427 2261 ·
1452 2217 1455 2228 .

106 2269 210 2342 sidium
227 2262 440 2364 scriptoribus
461 2263 547 2348 aliis,
583 2262 625 2333 ad
644 2287 757 2334 rerum
775 2261 939 2354 gestarum
959 2263 1111 2354 ordinem
1129 2281 1198 2337 tam
1271 2271 1290 2320 ἰ
1425 2315 1429 2324 .

108 2371 315 2463 intelligenter
343 2381 479 2459 tamque
506 2361 652 2436 dilucide
674 2361 864 2464 proposuit,
902 2379 940 2436 ut
961 2364 1010 2436 vel
1035 2365 1105 2440 hoc
1127 2390 1197 2438 uuo
1234 2355 1239 2364 ’
1323 2373 1326 2381 ’
1403 2419 1412 2464 1.

109 2472 225 2544 militiae
248 2471 369 2542 veteris
396 2465 613 2538 admiratores
641 2489 764 2557 magno
790 2461 954 2540 beneficio
983 2461 1200 2540 obstrinxerit.
1317 2501 1320 2512 ·
1374 2456 1377 2466 ’

104 2579 145 2646 ln
156 2575 208 2646 luc
227 2589 339 2646 autem
354 2566 470 2663 analysr
485 2563 656 2638 scribenda
671 2565 767 2638 boile
783 2564 942 2655 advertit,
967 2567 1032 2640 bos
1053 2568 1108 2642 vel
1120 2559 1201 2640 Hir·

109 2679 152 2759 tii,
170 2668 218 2746 iel
232 2675 348 2770 Oppii,
368 2663 475 2770 (nam‘
484 2668 525 2742 ad
543 2667 632 2739 hunc
647 2665 810 2767 Epistolac
824 2667 966 2748 Caesaris
984 2671 1124 2764 integris
1144 2694 1203 2742 ro·
1295 2689 1303 2707 '¹
1334 2658 1367 2733 ’κ

110 2776 274 2850 luminibus
293 2773 490 2866 legebantur
503 2774 649 2866 Romae,
679 2765 761 2844 teste
778 2769 920 2868 Gellio)
944 2771 986 2863 de
1006 2770 1094 2844 bello
1119 2775 1204 2844 Cae·
1254 2790 1284 2824 -’

35 2957 40 2964 ,
112 2879 177 2952 saris
192 2878 348 2969 Africano
371 2877 632 2944 commentarios
648 2865 721 2942 'non
734 2867 800 2940 else
815 2881 954 2943 omnino
972 2877 1141 2964 integros,
1166 2887 1205 2960 ut

113 2983 251 3053 Suetonii
264 2995 370 3048 aetate
384 2974 535 3058 suerunt,
561 2969 617 3041 sed
640 2972 712 3042 iulii
731 2967 812 3040 Cels
833 2971 1024 3060 cuiusdam,
1054 2977 1112 3068 qui
1126 2977 1205 3048 Sae-

113 3085 186 3156 culis
210 3081 335 3177 aliquot
353 3072 426 3175 posi
439 3076 571 3160 vixerit,
594 3067 926 3170 interpolationibus,
954 3089 1053 3170 atque
1066 3078 1218 3150 minima.

111 3179 285 3260 necessariis
299 3172 610 3260 emendationibus,
635 3197 719 3269 quae
736 3171 969 3248 obscuritatem
987 3178 1134 3272 pariunt,
1160 3191 1208 3248 at·

63 3283 78 3338 ἑ
115 3311 173 3386 qne
190 3278 330 3382 suspesia
346 3279 471 3372 legenti
486 3267 606 3347 merito
626 3273 707 3354 sunta
730 3251 952 3348 vcbedacirter
966 3275 1172 3375 depravatos.

162 3391 228 3458 Nos
245 3385 302 3458 hic
319 3381 480 3452 calamum
493 3382 662 3475 ponimus.
688 3377 736 3450 lll.
747 3377 929 3451 Guiscardo
946 3378 1015 3452 hoc
1033 3405 1130 3480 opus,
1138 3398 1209 3451 tan·
1342 3409 1345 3422 ·

112 3512 204 3586 quam
213 3485 419 3588 praeclarum
435 3471 579 3554 summae
590 3475 1017 3575 dosirinae,persctiaequc
1033 3481 1209 3552 rcimilita·

108 3595 163 3679 n's,
171 3608 364 3684 graecarum
377 3589 458 3652 item
466 3580 707 3676 latinarpmque
717 3579 902 3652 litterarum
915 3577 1078 3662 scientiae,
1092 3575 1211 3652 certissr
1278 3641 1281 3649 ,
1316 3587 1327 3597 ’

105 3701 195 3766 inum
209 3698 482 3768 monumentum,
489 3698 589 3780 atque
597 3705 674 3752 acre
683 3683 782 3751 omni
798 3682 1211 3777 perennius,granrlnmur;

106 3789 306 3868 amatoribus
324 3803 439 3857 autern
454 3786 505 3854 rci
525 3783 722 3880 antiquariae
741 3782 862 3867 iterum
877 3775 1101 3869 adfirmamus,
1129 3808 1213 3882 ope·

103 3901 147 3970 ris
165 3897 256 3970 illius
280 3883 431 3977 lessione
448 3883 657 3982 supersedere
681 3891 850 3956 neminem
871 3907 989 3973 eorum
1014 3881 1123 3983 polle,
1157 3886 1215 3984 qui
1325 3923 1364 3973 ,Α
1456 3923 1459 3930 ·

52 4001 54 4006 ’
102 4002 209 4085 ceint.
230 4011 294 4071 aut
322 3991 448 4062 veteris
471 3985 606 4060 miiitiae
630 3989 795 4060 rationem
822 4001 975 4070 accmate
1002 3978 1216 4094 cognoscere,
1261 4055 1265 4060 ,
1339 4021 1350 4048 .

524 4161 539 4182 ,.
672 4089 734 4160 00
856 4109 859 4116 ’
1003 4134 1008 4146 =
1128 4109 1217 4179 aut,
