3506 4848
510 291 583 385 9⁸,
657 227 840 358 :noun
872 251 1019 348 seru
1051 219 1427 376 unuuxronun
1475 293 1478 302 ’

1567 405 1581 446 ,
1647 403 1672 420 .

518 462 612 571 poris
631 465 779 542 Ordines
797 465 933 562 Imperii
946 467 1017 536 iure
1034 461 1249 540 monetmuir
1261 467 1354 559 regio
1369 479 1554 554 uterentur,
1568 487 1631 539 res
1664 482 1667 497 ¹
1721 488 1727 500 ·

504 572 706 654 'monetaria
725 567 816 642 vnde
836 571 945 640 attritu
962 566 1100 642 iacebat
1153 566 1389 656 Hincillre‘iis
1413 571 1480 642 iem
1496 584 1632 666 tempo·
1666 581 1672 588 '
1720 637 1728 648 ,

519 673 611 748 ribus
638 669 771 744 usitatae
796 670 966 766 querelae,
1001 665 1121 768 quibus
1139 671 1333 764 interregno
1356 669 1492 744 demum
1512 667 1630 744 netto
1659 754 1667 759 ι

521 773 650 850 mederi
675 774 722 866 sas
746 789 828 844 erat.
880 769 1003 844 Iisdem
1023 773 1245 868 temporibus,
1275 797 1339 872 pro
1356 775 1429 844 iure
1444 775 1635 849 monetario
1675 833 1689 844 .

453 917 454 922 1
521 878 577 952 soli
593 881 747 970 Romano
761 872 958 970 Imperatori
969 871 1159 960 tribuendo,
1175 876 1253 944 viris
1271 877 1418 971 etequis
1435 874 1638 974 pugnabant.

521 967 752 1062 iureconsulti,
767 977 882 1066 legum
894 978 1117 1045 Remmarum
1132 971 1318 1068 sustentuti
1332 977 1455 1056 innixi„
1491 973 1633 1047 Carolus

523 1073 581 1153 1v;
603 1079 672 1150 hoc
697 1071 887 1158 concesIum
905 1078 962 1152 ius
984 1073 1204 1148 confirmabat
1218 1071 1438 1164 Elestoribus,
1470 1079 1504 1149 vi
1531 1093 1632 1172 atque

431 1211 435 1218 ·
524 1176 719 1268 rusioritite
735 1178 869 1268 Bnllae,
908 1180 958 1248 uti
980 1173 1112 1264 dicunt,
1138 1201 1275 1248 aureae:
1304 1175 1404 1273 uude
1420 1177 1635 1273 consequens

524 1280 580 1370 est,
607 1278 783 1353 Eleblores
803 1274 980 1372 agnovisse,
1005 1281 1198 1375 Imperatori
1213 1278 1311 1350 huius
1328 1277 1635 1359 iurissliIs'conce·

524 1383 627 1458 dendi
647 1377 844 1480 potellotem
863 1379 1074 1452 tribuendam
1100 1377 1178 1474 else.
1258 1379 1359 1452 Multi
1381 1383 1480 1452 etiam
1496 1375 1634 1477 Elesio-
1744 1439 1747 1442 .

488 1483 493 1490 ’
524 1493 611 1570 nini,
634 1473 690 1556 ets
704 1507 767 1580 per
783 1482 870 1554 hanc
884 1483 1019 1580 Imperii
1035 1483 1145 1574 legem
1162 1497 1371 1570 monetarum
1387 1493 1560 1562 auronum
1573 1503 1634 1550 cu-

407 1641 412 1655 ,
454 1670 457 1681 1
494 1586 709 1660 ·tlenderum
733 1585 919 1666 libertatem
942 1577 1027 1654 nesti
1048 1575 1164 1667 erant,
1195 1563 1638 1656 tameniircultutem-huius
1711 1591 1727 1644 ’.

523 1690 606 1762 iuris
631 1685 855 1782 consequendi
873 1687 1088 1780 Imperatoris
1111 1670 1337 1780 potentia-‘sibi
1353 1687 1549 1782 comparere
1562 1705 1657 1757 ane·

524 1789 668 1864 bierunt.
721 1791 804 1871 Quo
816 1782 1109 1882 saslolmperrtor,
1124 1787 1220 1856 variis
1238 1785 1280 1856 de
1295 1787 1640 1858 remoneturierixan·

526 1889 612 1962 detis
631 1889 821 1986 publicetis,
834 1887 1002 1960 medelam
1015 1882 1145 1973 afferre,
1159 1886 1325 1982 huiusque
1338 1889 1387 1960 rei
1399 1889 1642 1960 imminentem
1685 1935 1692 1941 -

525 1994 654 2065 ruinam
675 2013 890 2062 averruncare
910 1987 1059 2086 suscepit.
1112 1991 1202 2060 Hine
1223 1989 1321 2058 variis
1344 1986 1557 2060 documentis
1581 1985 1643 2058 erl·

527 2076 647 2180 dusiis,
668 2094 756 2164 varie
771 2091 907 2188 Imperii
923 2089 1059 2162 decretu
1072 2084 1202 2161 Auslor
1218 2087 1357 2187 profert
1409 2095 1480 2160 Iam
1497 2091 1548 2161 rei
1563 2113 1641 2160 mo·

294 2255 298 2264 .
377 2167 399 2282 ⁸,
526 2196 672 2268 netrrIae
688 2193 892 2265 adiuvandae
905 2189 1007 2263 urbes
1022 2189 1207 2290 peculiares
1227 2195 1260 2263 in
1278 2191 1410 2263 cirurlis
1430 2188 1641 2277 conllitutae,
1699 2233 1705 2240 ·

527 2295 601 2370 loca
614 2291 777 2388 sigirandis
792 2298 940 2366 monetis
956 2293 1075 2364 Idonea
1094 2287 1232 2380 deletis,
1259 2295 1567 2389 iisque'meneturii,
1580 2315 1641 2362 ex·
1750 2363 1752 2370 ,

528 2399 732 2496 ploratores‚
767 2410 803 2466 et
829 2390 983 2466 custodes
1016 2393 1081 2463 deti
1106 2392 1194 2480 sunt,
1234 2403 1378 2491 quorum
1400 2391 1655 2492 purtessusce··

528 2515 608 2597 ptne
628 2519 787 2568 unacum
807 2510 1019 2566 monetarum
1042 2489 1274 2570 constitutione
1290 2497 1507 2594 explicantur.
1569 2499 1642 2566 Ve-

526 2621 604 2672 rum
622 2597 754 2669 urbium
769 2594 1039 2666 metalliferarum
1054 2595 1194 2690 iurIbus,
1214 2598 1273 2692 qui
1290 2595 1492 2698 aurifodines
1513 2597 1646 2672 hebent

414 2761 417 2773 .
530 2701 601 2773 filus
620 2700 793 2794 Principes
819 2699 941 2768 exemti
959 2696 1041 2768 sunt.
1102 2703 1187 2768 Non
1203 2699 1294 2768 enim
1311 2723 1426 2770 nurum
1445 2715 1643 2792 argentum·

530 2824 597 2898 que
619 2797 717 2871 suum
737 2797 863 2870 excudi*
877 2798 993 2872 iubere
1016 2800 1050 2868 in
1071 2796 1208 2871 urbibus
1238 2793 1441 2882 metalliferis
1466 2818 1642 2872 tenentur.
1740 2837 1752 2850 ·

530 2905 572 2976 ln
602 2895 837 2998 constitutione
873 2901 1058 2972 monetaria
1088 2901 1166 2972 anni
1195 2895 1643 3000 millefimi‘quingeuresrmi

531 2999 792 3103 quinquagesimi
807 3003 890 3076 noni
905 3003 1101 3095 anquiritur,
1128 3025 1194 3098 qua
1206 3006 1334 3076 ratione
1349 3003 1549 3076 excrescenti
1565 3027 1643 3074 rno-

531 3121 686 3214 neptum
716 3127 859 3176 numero
888 3099 987 3200 possit
1015 3105 1172 3174 occurri?
1222 3103 1434 3176 Vocabulum
1455 3107 1535 3174 iuris
1564 3126 1643 3174 mo·

414 3293 417 3301 ,
529 3207 649 3280 neterri
669 3201 715 3274 est
729 3206 836 3276 viriae
851 3197 1120 3300 fignificrtioiris,
1152 3203 1244 3276 unde
1262 3221 1413 3277 occurrite
1428 3191 1645 3278 adiuntiiorie

534 3305 643 3378 addite
661 3329 774 3376 verum
791 3308 863 3376 eius
887 3302 1159 3396 fignificetionem
1181 3303 1318 3380 exhibet
1336 3303 1473 3382 nuuor.
1535 3287 1644 3380 'Viro

533 3412 751 3504 Imperatore,
770 3411 840 3486 Rex
849 3411 1033 3492 Romanus,
1058 3405 1115 3480 nisr
1130 3408 1217 3480 sorte
1232 3403 1329 3480 iutIus
1343 3407 1396 3496 lit,
1423 3408 1558 3482 hocius
1579 3435 1642 3480 ne-
1672 3463 1679 3472 .

531 3511 614 3583 mini
627 3505 734 3606 potest
753 3506 959 3596 concedere,
983 3532 1184 3605 quamquam
1208 3513 1343 3608 Impeni
1361 3515 1543 3584 Curatores
1563 3536 1643 3583 eam

531 3609 725 3684 fucultatem
740 3609 897 3682 habeant.
950 3604 1186 3702 Distinguende
1202 3607 1249 3681 eil
1265 3610 1309 3694 'ab
1323 3613 1488 3709 imperiali
1504 3625 1645 3688 monetet

532 3713 771 3808 provincialis,
785 3709 808 3782 si
823 3711 865 3782 de
880 3727 1015 3803 monete
1032 3711 1087 3791 tali
1101 3711 1252 3795 sumitur,
1280 3711 1412 3807 qualem
1427 3717 1585 3814 princeps
1603 3719 1643 3790 in

473 3873 476 3878 .
532 3812 586 3883 sua
600 3814 743 3909 quisque
756 3817 897 3905 regione
911 3809 1054 3882 cudendi
1069 3809 1406 3888 facultatemnabet:
1434 3823 1548 3913 Atque
1560 3817 1644 3924 lrinq
1714 3831 1723 3840 ”

298 3945 304 3953 -
405 3925 435 3978 ς
534 3913 639 3985 oritur
658 3915 707 3984 ius
731 3918 953 3986 monetarium
967 3915 1093 4008 cuique·
1107 3915 1251 4010 principi
1270 3915 1304 3986 in
1326 3915 1380 3988 suu
1400 3919 1539 4008 regione
1558 3941 1643 4014 pro·

531 4015 660 4114 prium,
689 4031 725 4088 et
741 4019 988 4117 Imperatorum
998 4015 1230 4093 Romanorum
1243 4018 1306 4114 ius
1330 4021 1365 4093 in
1378 4015 1469 4092 sucro
1487 4021 1641 4097 Ronrnno

449 4131 459 4148 “
514 4141 517 4155 ·
967 4123 971 4132 “
1032 4157 1042 4164 ·
1441 4169 1449 4176 .
1573 4125 1643 4197 Im.
