3506 4848
43 270 49 285 =
125 219 132 223 ’
275 237 490 364 trausrs
528 212 1056 372 terruannorum.
1148 223 1224 348 iq·
1342 201 1372 243 ⁴
1464 321 1467 328 .

163 433 326 531 cap-xta
345 449 380 527 7.
406 423 471 528 pro
495 423 701 532 quadraginta
727 437 820 532 annis
845 449 979 534 quatum
1006 439 1126 534 reponi
1150 439 1221 514 vult

116 537 195 610 ven.
213 529 352 612 Auster.
403 533 556 608 iudicent
576 534 644 618 alii,
678 560 758 610 num
776 541 843 613 XL.
858 540 934 610 anni
955 534 1220 614 historiaeDarie
1311 623 1312 626 Ἴ
1419 598 1429 616 s
1553 549 1558 559 '

115 635 202 736 dicae
229 635 313 707 adeo
342 653 552 732 repugnent,
589 653 629 710 ut
650 638 877 726 emendandus·
902 636 1121 713 litnumerus
1148 641 1222 716 sine

117 737 218 814 Codd.
240 719 434 810 audomare
456 739 568 834 aliqua
595 779 647 796 -
696 744 747 812 Ut
769 740 828 813 alia
847 742 988 840 plurima
1011 739 1109 834 digna
1131 766 1221 837 quae

113 841 277 932 legantura
303 845 622 936 praetermittamus,
648 840 688 913 ad
711 847 928 938 Cap.XVIII,
945 868 977 938 5.
991 841 1080 926 bene
1095 843 1217 917 iudicat

72 956 79 1039 ξ
113 940 399 1021 Nollemloabum
415 933 551 1022 defendi
569 937 776 1040 nequaquam
794 949 836 1015 'eo
852 943 958 1042 polle,
983 945 1072 1040 quod
1089 943 1217 1016 interfie
1281 954 1297 996 ¹,

57 1042 60 1045 “
116 1044 232 1116 dendo
241 1040 473 1129 Absalomum‚
498 1042 596 1116 saluti·
613 1061 649 1116 et
667 1043 891 1140 tranquillitati
912 1045 1117 1144 reipublicae
1133 1071 1216 1118 con·

115 1146 248 1230 iduerit.
322 1146 440 1216 Potior
464 1147 555 1216 enim
576 1143 643 1218 elle
662 1144 806 1232 debebat
832 1148 885 1220 lex
904 1151 1006 1240 regia,
1030 1147 1218 1220 alia'omnia
1328 1183 1332 1192 ·

45 1296 47 1299 -
115 1247 324 1348 praecipiens.
403 1243 457 1316 Ad
480 1272 508 1318 v.
527 1269 583 1342 33.
608 1245 811 1320 imbecillitas
833 1251 934 1321 animi
955 1251 990 1319 in
1006 1247 1137 1320 Davide
1157 1273 1218 1346 pac

117 1351 195 1422 terni
213 1349 295 1420 vivis
316 1343 484 1418 coloribus
503 1351 663 1444 pingitur.
686 1379 737 1404 --
789 1355 871 1447 Cap.
890 1353 973 1435 XIX,
995 1372 1026 1440 5.
1047 1349 1115 1448 sqq.
1140 1373 1214 1421 ora·
1349 1388 1355 1392 ·

50 1496 56 1504 ·
116 1453 159 1522 do
173 1447 260 1520 loabi
281 1446 322 1520 ad
344 1471 462 1540 regem
485 1447 649 1546 aliquanto
674 1453 820 1522 atrocior
844 1467 879 1522 et
902 1447 1219 1524 minarum'fimiliot'
1268 1515 1275 1520 .
1344 1520 1348 1529 ,

43 1544 51 1563 ‘
115 1547 259 1644 fingam,
281 1573 382 1645 quam
396 1548 492 1621 nobis
506 1549 641 1647 quidem
657 1551 803 1632 videtur,
827 1555 877 1623 vis
896 1566 1008 1629 tamen
1019 1552 1106 1624 illius
1121 1573 1214 1648 prae·

45 1649 48 1654 ’
119 1657 208 1749 eipna
225 1649 309 1722 haud
332 1649 419 1722 male
435 1651 591 1725 redditur.
616 1693 669 1736 η,-
721 1653 827 1726 Multa
847 1649 1013 1750 pollcaad
1028 1657 1109 1749 Cap.
1127 1653 1215 1724 XXI.
1335 1681 1338 1690 ·

46 1748 51 1757 ’
117 1753 158 1826 de
172 1751 325 1850 supplicio
348 1749 491 1824 filiorum
504 1745 608 1826 S'aulis
626 1749 720 1828 resle
740 1753 952 1852 disputantur,
978 1751 1148 1852 inquibus
1167 1747 1215 1823 est

115 1853 346 1941 ltocmaxime,
368 1853 459 1949 quod
479 1865 534 1926 r'es
556 1863 665 1928 omnis
686 1855 726 1927 ad
741 1857 929 1930 mandatum
950 1855 1115 1942 divinum,
1146 1854 1215 1924 Da·
1261 1895 1286 1933 ι
1346 1891 1348 1902 ’

116 1957 179 2038 ridi
191 1960 288 2029 certis
304 1955 433 2048 indiciis
448 1958 633 2049 cognitum,
656 1958 822 2030 refertur.-
864 1963 945 2053 Cap.
958 1957 1058 2028 XXlI.
1074 1957 1215 2049 diligen·

114 2057 352 2152 terexplicatur
366 2055 504 2134 sublime
520 2058 657 2131 Davidis
677 2061 858 2145 canticum,
891 2056 985 2154 quod
1004 2083 1046 2128 eo
1063 2059 1215 2130 contine·

54 2213 58 2220 ·
114 2173 190 2243 tor3
217 2157 316 2230 narsus
333 2175 448 2230 tamen
468 2183 511 2230 eo
527 2160 605 2230 loco
619 2163 733 2257 copias
750 2159 876 2232 Lowtlri
890 2177 925 2231 et
937 2159 1126 2228 Lowthiani
1138 2153 1217 2228 Edi·

117 2262 204 2332 toris
222 2259 326 2334 cdeb.
346 2255 576 2332 defideramus.
618 2267 658 2332 ln
676 2263 799 2357 Capitis
816 2262 931 2330 xxul.
954 2258 1091 2328 exordio
1110 2254 1229 2352 capiar
1325 2291 1334 2305 x
1430 2331 1432 2338 y

57 2419 63 2429 .
125 2359 255 2445 mdo,
277 2381 401 2458 praeter
419 2365 569 2454 egregias
591 2349 729 2436 alibrum
749 2363 993 2440 annotationes,
1018 2352 1217 2448 ulusellin·

118 2463 236 2563 primis
248 2461 368 2536 Noller
382 2462 494 2534 libello
510 2465 637 2534 Ricardr'
654 2463 753 2560 Gray,
781 2487 851 2560 quo
868 2457 1032 2558 postrema
1047 2459 1131 2532 haec
1148 2462 1215 2530 Da·

54 2557 66 2592 ⁶
109 2561 200 2638 ridie
215 2559 488 2636 rerbailluslravit
500 2562 642 2636 Londini
661 2585 769 2659 1749.
784 2587 819 2658 4.
832 2567 920 2660 (pag.
933 2582 1007 2653 29.)
1059 2565 1219 2658 Denique

120 2691 188 2740 non
207 2665 382 2738 tacendum
403 2657 464 2750 eil,
497 2667 763 2738 numerationem
783 2664 903 2764 populi
925 2691 943 2736 a
963 2662 1092 2734 Davide
1113 2663 1215 2734 susce·

117 2787 215 2868 ptam
237 2787 272 2840 et
288 2765 499 2840 consecutam
513 2767 591 2840 inde
612 2766 766 2840 divinitus
790 2789 953 2864 poenam,
976 2789 1060 2858 quae
1076 2765 1217 2836 'tradun-

60 2900 82 2914 ··
120 2867 383 2967 tu'rCap·XX1l⁷‚
396 2863 863 2967 iisstiparioblervationibus,
874 2891 959 2962 quae
969 2883 1004 2936 et
1016 2865 1073 2961 pio
1085 2861 1223 2948 leolum*

62 3054 67 3063 ,
120 2966 459 3053 enudasfataorum
473 2967 624 3044 modeste
640 2969 804 3055 scrutanti,
828 2967 1034 3039 satisfaciant}
1221 2971 1224 2983 '

167 3081 275 3162 Quare
283 3075 413 3162 ¹atterite
428 3083 464 3144 et
477 3071 629 3144 lubentes
644 3069 730 3140 hant
745 3093 881 3171 quoque
897 3063 1081 3168 persetlam
1095 3061 1134 3138 ab
1147 3069 1217 3138 Au·

46 3246 51 3257 ,
120 3173 209 3250 aare
227 3179 311 3246 Ven.
332 3189 369 3245 et
391 3173 497 3270 probe
516 3185 702 3244 exornatam
721 3175 852 3244 Partem
875 3170 984 3242 eidem
1005 3168 1219 3262 gratulamur.
1355 3243 1358 3252 ,
1386 3191 1388 3198 ’

119 3275 314 3370 Diligentiac
336 3290 448 3359 certe,
488 3270 656 3346 dolhinae
686 3288 721 3344 et
745 3275 869 3366 ingenii
888 3272 1063 3370 specimina
1087 3267 1218 3342 illustria
1345 3325 1352 3335 .

106 3374 293 3483 ,manmit
321 3377 364 3460 ad
389 3375 481 3450 hunc
503 3373 643 3460 librum,
692 3371 863 3470 longeque
889 3374 1049 3472 superavit
1072 3371 1222 3455 Honerti,'

102 3515 111 3535 ··
181 3481 262 3554 ravis
283 3476 494 3564 laudandam,
518 3499 669 3574 operam.
719 3479 798 3546 Nos
818 3475 951 3570 quidem
967 3471 1000 3543 in
1019 3469 1141 3543 iudicio
1158 3493 1218 3540 no·

157 3579 161 3586 ’
191 3581 364 3683 plerisque
383 3578 466 3662 locis
478 3580 562 3650 inter
590 3574 746 3659 emendo,
768 3599 838 3646 non
860 3575 927 3645 hoc
945 3573 1049 3643 solum
1060 3567 1219 3667 tpettavi·
1336 3617 1340 3628 ·

64 3713 78 3758 ..⁹
111 3678 258 3769 ¹mussat
266 3669 499 3773 intelligerent
510 3599 666 3764 leclpores,
686 3671 828 3774 plurima
840 3699 902 3746 nos
915 3676 1099 3745 attentione
1113 3685 1218 3764 etro·

74 3837 79 3845 -
110 3786 232 3888 luptate
247 3811 317 3860 non
328 3785 468 3855 minore·
479 3779 618 3850 versatos
634 3775 699 3852 elle
716 3780 750 3849 in
766 3775 930 3847 volvendo
947 3776 1012 3845 hoc
1029 3796 1146 3870 opere,
1162 3769 1237 3850 sed.
1277 3843 1279 3846 ,
1343 3835 1345 3840 .

111 3893 211 3966 musto
230 3889 351 3982 magia,
377 3878 547 3971 natalibus
563 3871 947 3960 locorumdifficrliorum
964 3875 1121 3972 exemplis
1140 3897 1219 3972 pro·
1280 3947 1288 3964 3
1368 3919 1374 3926 ·

109 3989 228 4097 potitis,
256 3991 298 4066 ad
313 3982 606 4090 interpretationis
620 3983 662 4056 V.
674 3983 715 4058 F.
726 3965 906 4080 depaldum
923 3973 1221 4146 maioremletpan-
1334 4031 1342 4054 .
1440 3977 1443 3982 ’
1483 4004 1488 4014 ·

304 4141 314 4150 ,
1167 4093 1221 4150 m
1360 4119 1367 4143 t
1477 4091 1479 4098 '

417 4216 426 4222 -
475 4215 482 4224 ι.

404 4233 406 4244 l

184 4279 224 4353 .
413 4283 424 4298 κ

57 4317 62 4329 ⁴

175 4383 182 4400 1
538 4403 545 4410 ι
