3556 4840
6 15 255 126 1¹:⁴²-

7 405 8 410 Ν
118 307 1089 422 .·uensrsreenuanrmtuucctxn.
1166 333 1216 418 43

103 523 176 570 nun
189 496 380 586 editiones,
408 520 550 594 quarum
565 498 734 590 catalogus
751 496 797 572 est
811 497 901 596 apud
913 501 1118 589 Fabricium,
1147 507 1215 602 pri·
1244 484 1252 494 ¹

103 625 177 674 mus
195 598 436 672 Schonhorius
453 596 596 686 Bafileae
616 602 722 693 1546.
739 600 937 694 Eutropium
957 601 996 673 ab
1010 603 1215 678 additamen-

104 705 142 772 tis
156 725 284 798 purum
302 699 456 772 ecodice
478 699 644 772 Gandensr
659 697 768 788 edidit,
794 702 932 774 vinetus
953 702 1214 778 antemnates
1282 765 1286 774 ,

109 825 216 896 1553.
237 799 367 873 editum
391 803 519 900 primus
541 799 714 873 illustravit.
789 807 844 874 De
864 807 985 874 ceteris
1011 803 1213 878 editionibus

106 903 241 978 tiiunde
261 905 348 975 notis
368 928 439 974 non
460 897 609 999 estquod
626 903 681 973 hic
696 903 854 978 dicamus.
930 907 1114 978 Veniemus
1129 930 1214 1000 ergo

110 1004 146 1074 ad
160 1003 313 1076 codices.
365 1005 477 1078 Primo
492 1004 573 1075 loeo
590 1006 736 1103 ponitur,
761 1007 817 1101 qui
830 1005 998 1078 Leidensrs
1013 1011 1140 1102 primus
1157 1031 1214 1112 ap·

108 1107 260 1202 peiianrr,
285 1129 388 1201 quern
400 1103 473 1202 post
489 1108 760 1202 Havercampunt
776 1105 885 1178 denno
903 1105 959 1178 diii
1007 1089 1151 1179 ntissnie
1164 1111 1214 1178 in·

111 1205 232 1302 quifirit
242 1205 482 1302 verheykius,
507 1221 607 1304 atque
623 1223 712 1278 tanta
729 1203 926 1283 austeritate
941 1129 1006 1280 effi
1026 1211 1214 1305 poteritne
1318 1267 1323 1274 .

114 1309 145 1378 in
166 1306 383 1380 diiudicandis
404 1305 604 1382 lestiunibus
629 1331 707 1378 eum
723 1306 927 1404 sequeretur.
956 1307 1154 1381 'Secundus
1167 1297 1215 1380 eii

114 1410 301 1496 dranceos
317 1409 350 1479 in
367 1406 474 1480 forma
493 1410 642 1489 maxima,
659 1407 713 1479 sed
729 1412 947 1506 interpolatus
961 1431 971 1495 3
994 1413 1113 1482 tertius
1130 1413 1215 1482 item

111 1514 273 1604 quaternis
289 1509 438 1608 scriptus,
453 1509 509 1584 sed
523 1509 643 1582 melior
655 1507 817 1594 secundo;
844 1525 979 1608 quernas
996 1510 1220 1584 multahebet
1383 1495 1386 1506 Ι
1424 1519 1453 1584 .“

112 1611 338 1716 additnnrenta
388 1615 524 1684 Praeter
546 1611 610 1684 hos
625 1607 700 1682 usus
721 1608 766 1681 est
780 1609 960 1683 chartaceis
979 1610 1123 1698 duobue,
1149 1609 1217 1684 for·
1334 1599 1342 1606 ’

111 1738 182 1784 mae
213 1729 368 1811 quartae,
404 1714 445 1796 ab
472 1717 709 1808 Havereampo
736 1707 1020 1804 negligentisfirne
1050 1711 1102 1782 ins
1121 1707 1215 1798 etus,

77 1899 81 1913 Ι
110 1819 212 1922 priori
228 1815 363 1913 quidem
385 1811 645 1914 corruptiffirno,
668 1812 819 1911 adeoque
838 1809 1014 1906 neglest'o‚
1040 1735 1227 1913 poderiori,

110 1919 203 1989 vaide
222 1921 327 2006 bono,
355 1935 391 1989 et
402 1917 490 1988 haud
505 1915 606 1988 dubie
620 1915 776 1989 omnibus
795 1929 928 2011 praeter
938 1913 1134 1986 Leidensem
1147 1917 1214 2011 pri·

78 2051 83 2066 ·
109 2043 201 2091 mum
211 2019 446 2118 praeferendo,
473 2025 573 2116 quem
592 2019 745 2111 quintum
761 2014 947 2112 appellavit.
1000 2019 1121 2087 Cetera
1136 2039 1214 2116 pars

109 2123 324 2218 praefationis
343 2121 489 2192 breviter
514 2114 652 2206 indicat,
696 2119 775 2215 quid
793 2115 836 2188 de
859 2115 957 2212 iplius
975 2119 1129 2214 Eutrqpii
1148 2119 1216 2186 vita

91 2235 94 2245 '
110 2227 172 2294 viri
188 2219 277 2296 dotti
288 2219 433 2295 statuent.
473 2221 587 2304 Insunt
598 2233 774 2316 praeterea
789 2216 950 2315 quaedam
964 2219 1144 2314 particulae
1160 2213 1217 2286 dis·

113 2321 303 2396 sentens
314 2321 562 2420 verheykianne
579 2321 621 2390 de
635 2316 797 2392 ditdatore
813 2318 933 2414 populi
949 2317 1102 2407 Romani,
1117 2337 1217 2411 quam
1315 2339 1320 2346 ·

113 2428 284 2518 integram
296 2423 504 2499 constituerat
517 2419 681 2518 Eutropio
697 2418 829 2492 addere.
880 2417 946 2490 Sed
963 2439 1041 2489 curn
1052 2417 1121 2489 hoc
1136 2441 1218 2508 eun·

110 2523 217 2600 iiiiurn
240 2531 388 2613 mutarit,
421 2529 570 2624 quinque
594 2537 723 2595 tantum
750 2523 825 2593 ioca
837 2521 1009 2616 Eutropii,
1037 2515 1217 2614 quaesunt
1242 2597 1244 2608 Α

113 2633 154 2704 de
174 2627 339 2709 dietatem,
362 2621 550 2700 dofflffirnis
570 2620 920 2708 animadversionibus,
947 2646 987 2692 ex
1002 2621 1061 2692 illa
1076 2613 1218 2690 differta·

111 2727 207 2805 tione
223 2733 290 2804 hue
306 2715 493 2816 translatis,
515 2722 698 2812 illustravit,
733 2745 818 2820 quae
830 2739 871 2793 ut
886 2719 943 2792 suo
958 2737 1113 2820 ternpore
1133 2722 1218 2790 inte·

113 2861 172 2928 gra
195 2832 336 2934 prodeat
361 2847 529 2928 optamus.
592 2833 662 2906 Iam
676 2841 715 2898 ut
734 2823 773 2895 ad
794 2823 899 2920 ipsunr
913 2823 1130 2920 Eutropium,
1157 2845 1218 2890 no·

115 2953 234 3035 tasque
245 2933 317 3011 Cei.
331 2929 519 3030 Verheykii
535 2924 768 3028 copiosrssimas
788 2923 996 3010 accedamus,
1010 2925 1120 3018 prinro
1138 2921 1218 2992 loco

116 3037 359 3113 videbimus'de
375 3038 463 3111 notis
481 3033 614 3112 criticis,
638 3029 763 3099 cumin
780 3025 965 3097 universum
984 3019 1132 3092 videatur
1151 3019 1220 3088 hoe
1265 3101 1270 3108 ⁶
1419 3023 1426 3030 '

118 3138 278 3242 ipeGAie,
300 3155 339 3212 ut
355 3153 548 3211 contextum
561 3131 687 3220 ederet,
702 3125 811 3225 quoad
824 3123 895 3198 ficri
913 3119 1027 3224 puiset,
1041 3118 1218 3213 integrum.

119 3253 167 3316 Ac
193 3243 255 3316 diei
273 3245 324 3314 rix
343 3236 468 3341 potest,
500 3259 599 3334 quarn
616 3237 686 3306 non
701 3230 808 3302 solun
829 3223 1005 3300 neceiserie
1020 3222 1118 3295 fuerit
1133 3222 1220 3291 haee

120 3371 237 3444 opere,
262 3344 317 3419 sed
335 3343 482 3416 feliciter
502 3325 603 3410 etiam
621 3334 767 3406 insumta.
817 3324 881 3400 Etfi
898 3330 989 3400 eninr
1007 3321 1046 3396 ab
1063 3325 1133 3394 aliis
1150 3320 1219 3390 cdi·

118 3451 242 3522 toribus
257 3449 368 3520 multa
381 3443 487 3524 funte
503 3436 673 3510 codicibus
690 3433 873 3516 observata,
905 3443 941 3500 et
963 3425 1101 3517 ingenio
1121 3437 1220 3518 utque

119 3553 283 3643 sagacitate
300 3541 536 3628 animadversa,
568 3542 741 3610 immutata
755 3533 835 3604 item
855 3546 889 3602 et
905 3523 1066 3609 restituta,
1100 3526 1134 3594 in
1150 3538 1220 3616 quo

117 3655 275 3730 summum
293 3651 358 3727 suit
375 3644 520 3720 studium
534 3640 673 3730 Cellarii‚
697 3633 846 3718 Hearnii,
871 3623 1105 3724 Havercnmpi,
1121 3635 1221 3718 atque

118 3757 275 3832 Gnmeri:
304 3773 422 3830 tamen
435 3748 492 3818 vei
510 3741 646 3816 codices
664 3737 705 3812 ad
719 3759 838 3807 munus
856 3755 927 3804 non
943 3727 1143 3810 habuerunt,
1166 3723 1221 3796 vei

115 3867 368 3964 nimispaucos,
394 3850 446 3924 vei
468 3869 586 3944 parum
607 3853 760 3912 accurate
773 3832 962 3917 tratiarunt,
982 3825 1075 3926 quod
1094 3825 1137 3897 de
1152 3827 1223 3896 Ha³
1273 3921 1276 3930 Ι

113 3983 290 4067 rercampo
306 3955 427 4031 multis
447 3945 608 4043 exemplis
632 3927 1106 4026 demonstravitVerheykins.
1139 3929 1226 3996 =Ve·
1430 3979 1457 3988 ..

108 4070 218 4148 fppme
232 4069 346 4167 igitur
364 4055 479 4133 dicere
495 4049 584 4133 licet,
611 4041 791 4215 innqpreris
808 4040 842 4112 in
859 4035 945 4115 locis
960 4021 1222 4205 κοῦἰωϋέπῃὲίέο
1403 4029 1407 4052 “

129 4179 132 4186 .
736 4161 798 4222 2,
916 4173 920 4178 .
1211 4161 1224 4179 .
1294 4162 1296 4166 .
