3506 4848
248 256 455 371 ΜΕΝ818
492 255 711 420 namtas
753 249 1064 396 A·‚m·oem·
1123 241 1221 412 1171'

104 480 335 556 tuamethodo
344 479 505 574 fingarlari
522 497 557 558 et
569 479 729 559 intuetu
747 487 781 559 in
795 482 990 563 deliniendis
1002 491 1213 592 temporibus

28 602 33 611 ’
106 579 255 666 aliaest,
283 583 401 684 quibus
416 583 615 678 soniaerem
633 587 835 684 peruadunt,
869 597 975 687 quam
989 585 1122 670 uriicam
1138 595 1213 674 fere

105 683 142 758 ad
160 685 227 758 ho'e
250 687 425 778 negotium
445 684 691 786 perficiendum
713 687 781 764 else
806 691 931 764 iudicat
952 695 1105 780 Eulerus,
1130 697 1215 774 ube·

102 792 234 884 nosque
256 788 397 886 explicat
423 793 458 863 in
476 789 607 887 Opust,
630 795 715 863 Part.
733 795 760 871 1.
795 795 930 890 Operae
956 813 1040 890 argo
1060 801 1210 896 pretium

80 984 85 990 Π
105 889 184 976 luxi,
205 891 301 963 aliam
317 891 418 980 viam,
441 915 525 988 quae
539 894 645 986 magis
661 892 744 966 mihi
759 891 888 969 videtur
904 893 1037 987 diretta,
1053 923 1092 972 ac
1103 901 1210 976 rriulto

102 991 344 1088 inexplieanda
361 993 449 1064 aeris
471 994 650 1087 agitatione
671 993 816 1082 facilior,
852 1023 891 1068 eu
911 1001 1113 1078 tremoribus
1136 1019 1210 1076 orta

104 1097 248 1191 carparis
270 1087 408 1181 elaliici,
434 1093 591 1199 indicare.
720 1149 724 1154 -

117 1249 122 1254 '
148 1231 279 1329 Duplex
298 1226 346 1302 est
368 1231 506 1318 modus,
538 1233 747 1330 quocorpus
769 1232 904 1332 aliquod
923 1233 1065 1310 'in-aliud
1082 1259 1207 1336 corpur

106 1345 226 1404 motum
240 1333 426 1406 transferre
439 1329 551 1432 potest
567 1333 675 1406 suum:
703 1335 756 1407 vel
781 1339 871 1408 enim
894 1359 1013 1432 magna
1032 1337 1208 1414 velocitate
1282 1333 1291 1347 ⁵

102 1437 136 1504 in
149 1433 244 1505 huius
260 1431 440 1536 particulas
451 1435 618 1534 proximas
638 1435 806 1533 impingit,
842 1441 887 1511 ita
912 1455 949 1511 ut
974 1443 1021 1512 vis
1044 1443 1132 1528 eius,
1164 1445 1206 1530 vi,

40 1537 47 1558 '
108 1557 165 1634 qua
177 1535 360 1620 cohaerent
378 1531 455 1636 illae
473 1560 550 1616 cum
565 1535 696 1638 reliquo
715 1561 859 1634 corpore
873 1541 1075 1638 particulae,
1102 1545 1209 1616 maior
1244 1581 1249 1586 ·

99 1633 155 1720 uu
179 1638 229 1708 vel
243 1637 356 1710 senfim
375 1661 413 1708 ac
428 1636 517 1709 lente
533 1638 612 1730 agit.
663 1635 852 1714 Posteriora
871 1639 944 1713 casu
962 1660 1077 1716 motus
1093 1645 1208 1744 paula·

107 1739 162 1812 'tim
184 1737 338 1831 anibus
370 1741 510 1837 reliquis
541 1741 748 1834 impertitur·
765 1745 917 1840 corporis
949 1745 1132 1842 particulis,
1165 1745 1206 1818 ad

107 1865 327 1940 quamcunque
342 1837 561 1916 diretbionem
578 1837 652 1930 litis,
671 1845 720 1915 ‘ita
746 1861 783 1914 ut
804 1829 912 1916 t'otum
927 1845 1064 1920 tandem
1079 1871 1204 1946 corpus
1261 1935 1263 1940 Ι

106 1947 226 2017 moveri
239 1948 392 2042 incipiat3
410 1946 535 2040 priore
547 1959 658 2014 autem
674 1943 747 2016 calla
762 1946 956 2043 particulae,
984 1972 1068 2046 quae
1086 1951 1204 2020 imme-

105 2043 216 2119 tllatea
232 2049 263 2118 u'i
281 2043 336 2120 illa
350 2045 825 2143 premunturveltrahuntur,
855 2062 967 2122 totum
990 2065 1121 2122 motum
1146 2045 1205 2125 fibi

102 2145 235 2234 serrant,
259 2148 390 2221 acnilril
404 2146 446 2219 (le
465 2147 531 2235 illo,
555 2151 587 2220 vi
602 2145 820 2232 cohaefionis,
847 2151 881 2221 in
897 2150 1041 2247 reliquas
1059 2153 1205 2250 particu-
1325 2199 1331 2219 ,

101 2247 155 2320 las
167 2241 368 2324 translemnt
420 2248 565 2324 Eridane
582 2249 772 2347 exemplum
790 2246 837 2321 ell
849 2247 941 2341 globi
957 2255 1086 2344 gravis,
1108 2251 1205 2338 tabu·
1303 2337 1308 2348 ,

108 2347 166 2419 lae
176 2350 315 2448 impoliti,
335 2353 390 2424 cui
404 2341 497 2422 lilum
511 2367 613 2423 tenue
626 2344 826 2423 anneffltur.
873 2353 910 2424 ¹Si
923 2352 1012 2423 enim
1026 2350 1093 2423 hoc
1107 2345 1204 2424 filum

109 2449 391 2544 velociter-trahas,
415 2454 590 2550 rumpitur,
609 2447 798 2549 globusque
815 2455 950 2550 quietus
963 2467 1094 2540 manet3
1112 2451 1203 2525 lente
1233 2461 1235 2464 ’
1305 2453 1310 2468 ’

104 2557 213 2626 ‘autem
230 2551 254 2627 fi
270 2556 380 2630 trahas
392 2577 408 2646 ‚·
433 2553 537 2646 globo
554 2553 621 2626 hoc
640 2553 742 2624 modo
758 2551 972 2654 velocitatem.
989 2557 1200 2651 quantumuis

107 2677 263 2749 magnam,
279 2656 343 2730 'sed
356 2654 469 2730 senfim
485 2653 724 2754 paulatimque,
749 2655 1000 2738 communic'ire
1013 2654 1116 2732 vales.

16 2778 20 2781 ’
120 2853 133 2860 -
152 2793 232 2860 Cum
248 2787 348 2880 igitur
361 2783 508 2857 chordae
525 2781 680 2856 vibrantis
694 2807 816 2877 magna
828 2781 867 2855 fit
880 2784 1061 2867 velocitas,
1080 2788 1203 2860 nahum
1220 2789 1224 2798 “

34 2959 39 2976 ,
109 2917 172 2966 non
185 2884 239 2979 ell,
253 2890 287 2962 in
304 2886 481 2987 particulas
495 2900 754 2971 aereasrnotum
768 2883 808 2955 ab
823 2883 882 2976 illa
895 2885 1018 2960 eodem
1031 2887 1202 2961 transferri
1246 2879 1250 2892 ’

109 2992 215 3080 modo,
238 3015 321 3088 quo,
345 2987 402 3061 filo
415 2989 579 3084 abrupto,
596 2989 630 3076 in
644 2985 741 3056 huius
756 3001 884 3084 partem
905 3003 1049 3082 ruptam.
1100 2991 1204 3060 Parti·
1278 3079 1282 3088 Ι

110 3095 173 3169 urla
195 3097 274 3166 aeris
293 3077 419 3189 nempe
438 3111 674 3186 quaecunque,
700 3085 847 3158 chordae
862 3091 1036 3184 proxima,
1059 3083 1139 3160 dum
1158 3085 1203 3161 ab

23 3262 28 3271 .
107 3197 165 3270 hac
176 3195 396 3294 propellitur,
420 3193 453 3261 in
466 3187 584 3260 eadem
598 3183 687 3260 tella
699 3188 805 3274 linea,
828 3213 913 3286 quae
929 3185 1066 3266 diretlio
1084 3189 1201 3288 impul·

107 3295 417 3385 trutmannia
430 3287 614 3362 'velocitate
628 3285 789 3385 acquisita,
804 3315 869 3364 nec
880 3289 942 3376 „ulti
954 3303 1086 3384 mutum
1106 3316 1199 3364 com·
1220 3305 1223 3312 '

109 3379 280 3471 mutaret
295 3397 350 3466 alii
366 3391 545 3492 particulae
561 3415 703 3490 aereae,
731 3389 789 3464 nisu
802 3390 909 3464 statim
924 3396 957 3464 in
972 3393 1067 3463 aliam
1079 3395 1199 3490 impin·
1231 3427 1235 3436 =

104 3508 192 3598 geret
214 3495 412 3599 particulam
439 3491 619 3566 secundum
647 3491 732 3564 hanc
755 3490 973 3586 diretlionem
1001 3496 1200 3588 proximam.
1220 3483 1240 3564 ².

95 3607 186 3678 'Huic
200 3603 301 3696 igitur
319 3599 452 3682 iterum,
477 3592 564 3692 q'uali
579 3616 701 3690 corpus
722 3589 890 3666 elesticum
905 3596 1042 3690 corpori
1057 3589 1199 3682 elallico‚

99 3721 221 3780 motum
244 3699 475 3772 communicat
494 3710 622 3782 totum,
647 3693 780 3766 ethaec
797 3695 919 3764 iterum
935 3691 1084 3788 sequenti
1099 3697 1209 3792 parti-
1289 3717 1296 3723 ·
1515 3786 1522 3796 „

98 3809 195 3883 culae.
256 3796 531 3886 ltamotus‘hic,
556 3798 610 3868 vel
631 3797 743 3894 potius
760 3793 919 3895 impulsus
942 3795 975 3888 in
997 3789 1089 3866 retia
1103 3793 1201 3886 linea,
1328 3864 1339 3877 r
1458 3877 1509 3892 ,1

96 3937 174 4014 quae
188 3931 320 4006 nempe
337 3897 477 3974 direblio
493 3899 564 3968 eius
582 3893 646 3977 est,
666 3899 934 3974 centimetrum
952 3893 1200 3984 amoenum

93 4007 378 4113 albratquealias
400 3999 589 4104 particulas,
739 4076 760 4093 „
884 4083 889 4092 .
1173 4003 1187 4119 ,Α

310 4141 320 4152 “
446 4175 450 4182 v
668 4125 751 4200 Υ),
1134 4123 1201 4204 Sed
