3556 4840
422 319 426 328 ,
522 197 572 331 aa
637 283 641 292 ,
698 205 1504 348 nova-acraanurirroauaa'

303 423 314 449 ⁸
417 503 421 512 .
524 440 623 527 fiant,
648 438 729 512 duas
751 435 878 533 species
895 434 1257 530 habentimaginarias,
1285 418 1366 532 quaa
1380 437 1513 512 ubertis
1531 440 1630 512 animi

523 541 621 634 fingit
643 538 812 619 iurabas,
836 561 921 634 quae
936 555 994 610 aut
1013 564 1082 610 non
1095 533 1218 635 possint
1230 532 1309 624 esse,
1344 556 1485 612 autnon
1507 540 1629 610 suerint
1655 615 1662 620 ,

462 637 467 648 ’
522 644 589 717 five
608 667 669 736 per
681 639 721 726 le,
748 637 809 713 save
828 637 1033 731 saconnexae
1047 643 1133 734 inter
1146 637 1178 710 se
1193 635 1263 712 fine.
1304 639 1528 734 intelligibiles'
1549 665 1629 720 con·
1749 661 1755 668 '

473 829 483 842 „
524 759 575 817 tra
591 743 663 815 lunt
682 742 811 814 formae
831 765 944 831 rerum
966 744 1261 850 incorporearum,
1293 765 1379 832 quae
1402 745 1630 838 reveraetiam

464 897 467 904 ,
526 861 619 920 extra
637 844 875 932 cogitationem
891 839 972 916 sunt.
1036 839 1145 912 'ideae
1162 864 1269 938 porro
1290 837 1476 939 fimplices,
1501 840 1630 914 finarllis
1726 909 1734 916 .

525 941 700 1040 aliisqnasa
720 941 868 1040 partibus
894 939 1063 1024 constent;
1095 938 1314 1038 compositae,
1352 941 1524 1040 splures·
1539 942 1632 1014 ideae

525 1043 703 1136 stragulares
719 1047 753 1116 in
768 1067 868 1114 ultam
884 1039 970 1138 quad
983 1041 1174 1144 coalescant.
1199 1043 1371 1141 Simplices
1387 1069 1499 1116 rerum
1515 1068 1635 1138 corpo·
1688 1055 1690 1066 '
1738 1041 1741 1048 ⁴

526 1141 766 1221 reatum-ideae
784 1170 853 1214 non
867 1139 1000 1239 possunt
1014 1142 1222 1226 nobistradi,
1238 1127 1295 1220 aid
1308 1169 1372 1242 per
1387 1144 1506 1226 sensus,
1519 1169 1634 1241 quam·
1739 1227 1743 1237 ,

527 1246 659 1332 obrem,
683 1243 704 1316 fi
719 1244 822 1318 sensus
838 1243 995 1322 nonsatis
1015 1241 1167 1324 dislintle¹
1181 1243 1495 1340 quaedalmtradunt,
1520 1249 1632 1316 notio·
1747 1327 1753 1342 ἢ

526 1373 586 1423 nes
600 1352 697 1418 etiam
712 1345 868 1444 persaepe
889 1345 972 1417 tales
990 1341 1102 1418 fiunt..
1139 1345 1350 1441 Compofitae
1362 1359 1385 1417 'e
1398 1329 1547 1444 pluribus
1562 1349 1635 1415 uni·

437 1479 442 1488 ·
525 1452 569 1520 tia
586 1451 747 1533 oriuntur,
771 1441 837 1517 save
851 1446 1100 1538 heterogencis,
1119 1445 1182 1520 five
1200 1445 1514 1539 homogeneie,s1ve
1533 1448 1633 1518 etiam

526 1549 800 1628 indeterminans.
851 1551 981 1618 Omnes
994 1563 1080 1620 artes
1096 1547 1190 1635 ideae
1202 1547 1406 1644 compositae
1423 1541 1506 1634 sunt,
1522 1571 1633 1642 eoque
1731 1603 1733 1608 .
1756 1615 1759 1620 .

420 1699 424 1717 .
529 1645 748 1742 difficilliores,
779 1669 847 1743 quo
862 1648 956 1744 plura
976 1647 1035 1726 sub
1053 1647 1086 1722 se
1105 1644 1247 1722 habenta
1286 1637 1392 1722 'Ideae
1413 1641 1635 1722 sarefer'antur
1655 1693 1659 1703 ·

529 1753 570 1823 ad
594 1747 786 1831 obietlum,
807 1747 1006 1845 adaequatae
1023 1747 1097 1822 sunt
1119 1749 1268 1845 fineque
1284 1750 1370 1848 plus,
1396 1771 1506 1846 neque
1526 1753 1635 1820 minua

489 1845 493 1856 ’
528 1875 629 1948 quam
656 1853 691 1920 in
712 1845 943 1937 subiesdocst,
981 1853 1191 1936 contineant,
1228 1848 1507 1948 suadaequataeli
1533 1847 1658 1921 secus.-

527 1954 661 2026 Dicitur
676 1975 753 2021 vero
771 1950 948 2048 adaequata
962 1955 1156 2037 etiamtum,
1173 1970 1388 2030 cumtantum
1407 1951 1520 2040 habet,
1537 1975 1638 2048 qnan-

528 2069 603 2126 tum
617 2046 752 2124 confilio
770 2051 848 2120 huic
861 2052 915 2123 vel
934 2051 978 2120 illi
990 2050 1063 2122 satis
1080 2049 1142 2136 est3
1167 2049 1329 2148 quodm'li
1344 2060 1387 2125 ita
1401 2049 1499 2148 esset,
1528 2051 1636 2124 nullae
1686 2101 1694 2137 ,

528 2151 600 2228 sere
614 2141 801 2250 nostrarum¹
810 2151 958 2226 idearum
972 2177 1036 2250 pro
1053 2151 1241 2249 adaequatis
1257 2155 1373 2251 haberi
1385 2151 1527 2252 pnlsent,
1537 2153 1638 2223 multa

375 2304 377 2316 ι
422 2271 430 2288 ’
529 2259 621 2332 enim
634 2279 698 2326 noa
713 2258 748 2326 in
762 2253 914 2326 omnibus
927 2253 1028 2324 rebus
1051 2255 1164 2340 latent,
1187 2247 1407 2346 igitursrsatis
1421 2248 1541 2326 sufficit
1555 2250 1637 2338 idea,
1736 2291 1738 2296 ·

470 2441 473 2449 y
531 2383 607 2432 earn
626 2355 837 2450 adaequatam
870 2353 1029 2447 persaepe
1052 2357 1269 2451 appellamus.
1346 2355 1539 2447 Singulares
1562 2349 1642 2433 sunt
1677 2375 1680 2379 ·

530 2482 616 2554 qnae
630 2453 797 2528 individua
820 2455 1025 2550 exprimunt,
1058 2453 1185 2546 quibus,
1198 2453 1397 2550 plerumque
1418 2457 1569 2547 nugaria
1593 2457 1642 2526 in·

530 2561 630 2654 genia
642 2568 798 2626 contenta
810 2553 899 2639 sunt3
923 2551 1118 2622 universales
1133 2567 1340 2640 autemeam
1353 2555 1385 2626 id
1400 2551 1643 2641 consideratur,
1681 2623 1683 2628 ,

413 2663 415 2666 ’
458 2669 464 2684 “
531 2654 625 2755 quod
647 2649 796 2752 pluribus
821 2652 993 2724 individuis
1013 2677 1194 2727 commune
1215 2653 1272 2725 eli.
1300 2723 1303 2731 Δ
1332 2657 1585 2756 Κεείεε,’(]υεε
1609 2661 1643 2730 in
1737 2719 1742 2727 .

461 2770 465 2780 ⁴
530 2770 645 2831 rernm
664 2769 780 2826 rratrua
797 2752 1048 2832 fundamentum
1064 2754 1208 2837 habent,
1232 2773 1269 2826 ut
1285 2751 1363 2844 snt,
1388 2775 1443 2830 aut
1456 2777 1493 2832 ut
1507 2757 1580 2834 else
1596 2776 1644 2832 ta·
1721 2771 1744 2831 “,

299 2895 305 2905 =
344 2899 346 2906 r
419 2905 453 2950 .·
515 2883 611 2933 amen
630 2851 769 2958 pplsrnt3
797 2844 866 2926 nor'r
881 2854 998 2938 reales,
1022 2853 1158 2926 fisecus.
1187 2855 1304 2928 'Ideas
1323 2883 1437 2955 porro,
1460 2861 1523 2934 sae
1542 2862 1652 2934 maio«

375 2973 377 2980 '
485 3003 491 3013 ι
532 2986 577 3032 ne
595 2955 769 3052 'cogitantis
783 2952 990 3044 confideres,
1016 2955 1088 3028 sunt
1102 2955 1207 3058 clarae
1225 2975 1259 3030 et
1273 2957 1447 3046 obscurae,
1471 2957 1638 3036 distinstae
1687 2975 1693 2982 “

468 3077 473 3094 “
524 3051 568 3133 ἐι
599 3055 764 3138 consusae.
850 3055 963 3141 Clara,
987 3129 991 3138 ,
1011 3057 1134 3132 s1·rem
1163 3080 1201 3130 ea
1232 3065 1267 3134 in
1289 3059 1384 3133 duce
1401 3079 1564 3159 exponat,
1602 3075 1719 3142 ut,·.;

532 3157 757 3234 internoscere
772 3182 846 3228 eam
871 3156 911 3228 ab
931 3158 997 3228 aliis
1016 3183 1195 3254 queamus,
1226 3187 1290 3257 qua
1309 3164 1341 3232 in
1359 3188 1397 3234 re
1419 3189 1481 3259 pro
1501 3179 1639 3236 alannae
1660 3195 1663 3202 ⁴

370 3269 373 3278 '
425 3301 428 3307 Δ
523 3261 688 3337 -relicitate
709 3257 807 3328 usnve
822 3253 907 3328 unus
935 3259 1072 3332 alterum
1089 3261 1264 3333 antecellit.
1318 3267 1414 3346 Quae
1430 3263 1540 3352 ideae,
1569 3289 1639 3362 quo

414 3423 434 3454 ‚.
520 3364 639 3436 ,maior
658 3357 706 3432 est
730 3362 881 3431 minorve
900 3359 1036 3449 claritas,
1057 3363 1179 3434 iterum
1198 3365 1231 3434 in
1250 3361 1398 3435 confusas
1420 3381 1455 3438 et
1474 3363 1640 3444 distinstas

534 3463 733 3536 dividuntur.
784 3455 942 3532 Distindta
959 3463 1068 3556 itaque
1088 3462 1163 3534 idea
1175 3463 1221 3535 est
1236 3489 1276 3534 ea
1298 3489 1319 3536 e
1345 3464 1449 3554 claris,
1462 3467 1555 3563 'quae
1571 3491 1643 3540 non

477 3593 480 3600 ·
533 3560 702 3655 distinguit
721 3556 847 3644 solum,
873 3585 990 3634 verum
1010 3563 1109 3634 etiam
1129 3563 1360 3642 conditionem
1384 3567 1518 3641 subietli
1540 3559 1647 3667 ipsam*

534 3663 699 3762 perspicit,
723 3689 767 3735 eo
784 3685 908 3758 nempe
925 3662 1047 3751 modo,
1071 3662 1110 3734 ad
1124 3691 1311 3768 quempro
1325 3663 1515 3746 infirmitate
1530 3666 1642 3762 nostra

536 3763 696 3859 adspirare
720 3763 814 3848 licet,
857 3787 1014 3859 quaeres
1043 3768 1226 3836 attentione
1256 3767 1360 3840 debet
1385 3769 1666 3852 admonnullasn

459 3953 461 3960 Ι
535 3860 775 3962 perlectionem
794 3862 920 3960 adduci.
995 3863 1135 3936 ‘Coaafirsa
1154 3891 1174 3936 e
1193 3869 1360 3940 contrario
1380 3873 1457 3959 erit,
1487 3863 1641 3969 'quande
1746 3929 1756 3946 .

535 3963 667 4058 {lingant
686 3962 821 4064 quidem
843 3979 917 4040 rena
938 3963 980 4046 ab
999 3965 1085 4054 aliia,
1112 3965 1166 4040 sed
1178 3963 1245 4044 fine
1265 3971 1417 4056 ulteriori
1433 3979 1641 4072 cognitione.
