3506 4848
348 325 351 338 ,
412 243 419 255 “
553 255 603 340 04
701 175 1474 346 novaicii‘annnnoaun
1510 287 1546 356 ,¹
1672 183 1699 308 ¹.

457 447 460 462 '
550 424 682 505 nestum
699 423 766 500 effe
780 421 930 496 defendit
942 437 1059 496 contra
1072 413 1270 522 interpretes,
1285 431 1347 516 (IL-
1362 429 1457 512 20.)‚
1481 429 1556 524 quia
1572 424 1658 500 dica·
1734 431 1740 438 ’

550 549 607 606 tur
621 533 679 614 ira,
702 520 859 614 taedium,
876 541 910 596 et
926 523 985 596 alia
1000 528 1112 600 creari.
1164 532 1255 597 Nam
1272 529 1373 610 inhio
1387 531 1437 598 vix
1448 523 1565 600 sufficit
1577 554 1658 618 ena·
1721 609 1726 620 Ι

423 655 426 668 ’
550 634 640 725 logia
659 627 726 704 fine
746 627 864 717 diserto
875 626 1039 724 exemplo
1057 624 1141 712 loci,
1165 629 1199 700 in
1218 653 1286 728 quo
1307 633 1453 700 occurrit
1466 628 1659 722 crearesedi·

547 737 674 807 tionem
726 727 818 815 Quid
838 729 902 799 dici
923 724 1041 826 poffit,
1066 755 1136 800 non
1151 733 1335 824 quaeritur;
1367 727 1422 799 sed
1443 730 1522 827 quid
1534 725 1672 802 ditium

358 867 362 892 ·
546 836 589 914 fit
604 831 823 922 aveteribus3
847 853 926 914 nee,
946 831 1022 926 quia
1037 827 1151 902 crea're
1169 827 1327 922 fignificat
1346 825 1411 904 eiie'
1425 829 1595 926 actionem
1609 830 1661 902 vel
1722 889 1727 902 .

548 937 687 1018 oausam,
703 930 780 1004 ideo
799 929 954 1004 omnibus
965 927 1160 1010 substantivis
1177 931 1250 1002 addi
1262 929 1384 1030 potest.
1439 937 1526 1025 Cum
1546 925 1658 1004 autto-
1690 960 1697 968 ·

488 1091 491 1096 -
547 1042 646 1114 ritate
659 1031 761 1112 Voffii
777 1039 834 1124 (u
849 1035 924 1128 30.)
951 1029 1132 1128 probavit,
1149 1036 1307 1131 imaginem
1317 1038 1385 1140 stne
1400 1038 1467 1106 iure
1485 1037 1658 1132 reliquerat,
1740 1083 1742 1092 ·

547 1161 619 1214 non
639 1139 826 1232 cogitauit,
836 1129 1033 1232 potestatem
1053 1132 1210 1206 fineiure
1227 1136 1407 1225 benedici,
1439 1161 1506 1208 nec
1527 1133 1677 1210 defendi

548 1234 674 1314 debere
688 1241 769 1322 iuris
784 1236 925 1310 verbum
940 1237 973 1307 in
986 1234 1038 1320 se;
1070 1234 1126 1308 sed
1140 1237 1317 1328 imaginem
1334 1237 1401 1310 fine
1412 1243 1487 1310 'iure
1510 1264 1580 1309 non
1591 1236 1674 1308 dici·
1738 1313 1742 1348 ¹

504 1379 509 1388 ·
545 1337 655 1440 potsa-
705 1345 798 1412 Non.
809 1353 1027 1436 opponuntur
1045 1339 1156 1430 imago
1176 1355 1210 1410 et
1230 1339 1302 1425 ius,
1327 1338 1381 1412 sed
1399 1343 1513 1434 imago
1533 1353 1570 1414 et
1588 1361 1657 1426 res,

545 1459 603 1514 eut
614 1445 677 1528 vis,
704 1439 794 1539 quod
810 1437 965 1512 Heinsius
979 1437 1093 1512 multis
1105 1436 1188 1512 locis
1205 1435 1444 1514 demonstravit.
1493 1443 1586 1534 Ergo
1603 1462 1659 1510 ie·

409 1612 413 1618 .
545 1539 602 1616 tte
619 1543 740 1621 dicitur
760 1547 871 1635 imago
890 1539 959 1614 fine
979 1565 1033 1628 re,
1059 1565 1129 1614 non
1137 1583 1148 1621 ‚
1169 1542 1281 1634 imago
1303 1543 1369 1614 inte
1381 1543 1464 1614 iure.
1542 1543 1591 1628 Ea
1606 1539 1657 1616 his
1713 1563 1718 1580 ·

544 1645 707 1743 exemplis
719 1643 895 1732 locorum,
920 1639 1039 1738 quibus
1055 1641 1197 1714 aliorum
1210 1639 1422 1718 coniecturae
1436 1639 1660 1716 defenduntur
1740 1645 1743 1678 ³

453 1801 457 1807 ,
546 1765 603 1820 aut
621 1745 850 1843 repudiantur,
877 1753 1033 1841 putamus
1049 1743 1121 1818 Cel.
1138 1745 1286 1816 Gnmeri
1298 1743 1502 1838 diligentiam
1515 1743 1671 1834 intelligi²
1709 1743 1714 1750 '

495 1861 501 1868 '
543 1846 649 1948 poiie,
660 1850 717 1945 qui
732 1845 811 1918 ndiii
825 1841 983 1922 intuitum
997 1843 1138 1940 reliquit
1163 1850 1233 1918 Iam
1248 1834 1485 1920 ostendendum
1501 1843 1558 1932 est,
1576 1843 1659 1944 quid

543 1949 612 2047 ipse
630 1944 800 2048 post-alios
816 1947 959 2032 tentarit,
987 1943 1068 2048 quid
1084 1947 1243 2020 detexerit
1256 1947 1313 2020 suo
1327 1945 1427 2036 sensu,
1455 1947 1533 2044 quid
1551 1962 1658 2026 muta·

382 2109 384 2114 .
443 2082 452 2098 ·
500 2111 503 2118 .
543 2056 588 2124 rit
611 2051 808 2124 autmutari
830 2045 980 2124 voluerit.
1055 2051 1206 2121 Dicimus
1221 2053 1338 2143 igitur,
1360 2071 1467 2147 pauca
1483 2045 1547 2120 effe
1568 2049 1656 2133 loca,
1690 2073 1692 2082 ·

233 2169 259 2192 ’·
424 2173 427 2178 ’
543 2177 630 2250 quae
647 2145 783 2249 quidem
800 2147 1037 2222 emendatione
1050 2147 1230 2243 indigeant,
1246 2175 1331 2249 quae
1348 2175 1417 2224 non
1431 2151 1501 2248 ipse
1518 2173 1656 2247 quoque

428 2255 437 2282 ²
542 2253 601 2327 suo
614 2253 721 2326 modo
737 2247 933 2331 emendarit,
953 2275 990 2323 ae
1003 2247 1169 2324 interdum
1179 2255 1293 2352 ⁸verius
1307 2251 1504 2348 feliciusque
1519 2253 1656 2322 ceteris.

393 2374 397 2384 “
474 2397 481 2410 ν
542 2357 736 2432 Multorum
755 2367 866 2423 autem
879 2351 1117 2424 mutandorum
1127 2351 1336 2426 occafionem
1351 2354 1442 2424 dedit
1456 2351 1557 2424 editio
1566 2352 1661 2427 Rhe·

379 2459 430 2548 ‚¹
540 2459 641 2543 nani,
666 2445 1119 2548 Bafileae1520.impreisa,
1147 2456 1357 2549 quaeprima
1377 2449 1432 2534 est,
1452 2449 1658 2528 etduciaex
1743 2529 1744 2532 ,

541 2555 663 2630 codice
678 2555 805 2628 Velieii.
859 2559 957 2624 Haec
978 2547 1036 2624 etii
1049 2579 1068 2624 a
1083 2549 1302 2650 superioribus
1318 2551 1494 2646 diligenter
1507 2551 1658 2652 inspefia

309 2677 337 2755 J
378 2686 382 2698 ·
461 2719 465 2730 .
502 2713 506 2726 .
542 2657 600 2744 est,
625 2673 738 2730 tamen
754 2655 928 2726 Grunerus
943 2677 1083 2752 quoque
1101 2657 1198 2751 plura
1211 2649 1658 2754 reperit-quaetevocanda

387 2785 395 2796 ¹
539 2759 745 2834 viderentur.
795 2759 881 2827 Non
895 2754 980 2828 ultra
997 2755 1136 2830 modum
1151 2758 1182 2826 ei
1201 2758 1233 2826 se
1247 2755 1386 2844 addixit,
1412 2756 1468 2829 sed
1483 2757 1574 2854 quod
1591 2757 1656 2830 bo·

181 2857 184 2867 ’
329 2873 338 2882 “
439 2861 447 2932 1
539 2885 623 2934 num
638 2875 726 2946 erat,
757 2849 970 2929 indicandum
985 2872 1042 2928 aut
1056 2855 1406 2956 servandumputavit,
1435 2853 1494 2930 etii
1507 2858 1652 2932 leviores
1701 2857 1712 2908 -’

293 3001 297 3008 -
539 2961 614 3034 sunt
627 2963 828 3034 mutationes
848 2974 885 3030 et
899 2960 1108 3042 minutiores,
1132 2959 1167 3032 iu
1185 2985 1253 3056 quo
1261 2975 1378 3032 tamen
1395 2960 1562 3054 ddigentia
1575 2961 1668 3034 eius‘
1742 2961 1744 2964 ’

333 3135 337 3143 ,
540 3063 698 3136 omnibus
723 3057 934 3158 probabitur(
982 3059 1125 3132 Reduxit
1154 3085 1237 3156 ergo
1256 3087 1297 3132 ex
1319 3059 1396 3133 edit.
1419 3063 1528 3136 Rhen.
1551 3067 1653 3154 armis

202 3189 209 3198 ·
463 3221 465 3224 .
538 3190 604 3258 eoru
625 3176 838 3256 occupauerat,
862 3183 971 3256 equo
989 3159 1137 3232 fecerant
1155 3163 1205 3237 alii
1217 3175 1342 3256 occupet
1357 3169 1415 3251 (II.
1430 3168 1498 3257 4.):
1521 3162 1652 3243 addidit

486 3352 492 3360 ἱ
532 3267 710 3366 gladiorum
725 3261 799 3363 post
809 3261 948 3334 verbum
966 3261 1102 3332 licentiae
1112 3265 1259 3351 (itu.)
1271 3261 1440 3362 'probante
1456 3267 1555 3337 etiam
1564 3268 1651 3340 Bur·
1715 3266 1720 3281 '

296 3451 298 3468 Ι
534 3391 676 3440 manno:
701 3369 783 3438 item
800 3361 905 3444 edidit
919 3362 1401 3458 qai-fhbticatt-faerant,
1426 3365 1649 3459 cumlegere-
1713 3398 1716 3404 ·

328 3477 363 3522 ι’
399 3483 406 3492 “
474 3524 478 3530 -
535 3487 592 3543 tur
611 3474 646 3544 in
661 3466 848 3562 attisftmn
869 3467 1027 3557 (1¹1.27.).
1078 3463 1274 3540 Admodum
1298 3463 1477 3542 uerifim'dis
1497 3465 1545 3543 est
1563 3473 1693 3542 con-⁸·

531 3567 723 3644 Mimante
736 3569 841 3642 verbo
855 3567 1025 3638 Acaunum
1037 3573 1095 3657 (u
1115 3572 1206 3658 19.)‚
1230 3595 1294 3665 pro
1309 3567 1566 3669 quqed.Rh'ei'1.
1586 3571 1645 3644 ha-

391 3665 402 3674 ’
534 3669 596 3744 bet
625 3671 841 3746 Taenariam(
884 3673 966 3746 Hoc
984 3663 1158 3740 Grunerus
1178 3685 1275 3766 putat
1297 3697 1319 3740 e
1339 3671 1545 3766 compendio
1567 3671 1646 3742 scri·
1743 3705 1744 3712 ¹

426 3837 464 3854 ,,
534 3767 635 3844 bendi
654 3791 765 3846 ortum
781 3769 980 3851 IAenarnm,
1005 3767 1038 3846 h,
1054 3791 1084 3840 e.
1100 3767 1238 3842 Insulam
1251 3775 1449 3846 Aenariam..
1487 3769 1646 3852 Restituit

246 3955 249 3962 ι
372 3946 378 3958 ,
492 3959 495 3967 .
532 3877 721 3970 ecquandone
736 3897 801 3969 pro
820 3873 970 3970 ecquando
983 3873 1043 3958 (Il.
1060 3872 1146 3962 14),
1170 3893 1249 3946 cum
1262 3873 1426 3968 Apuleius
1440 3872 1560 3947 habeat
1575 3873 1644 3946 hoc

240 3977 243 3985 '
357 3990 359 4001 ¹
409 4075 417 4091 ,
500 3972 640 4074 ‘ipsum
660 3973 813 4064 verbun,
837 3989 875 4046 et
889 3974 1009 4049 Cicero
1026 3975 1217 4071 ecquodnam
1270 3975 1507 4071 Quemlocum
1522 3975 1642 4047 editio·

574 4105 577 4116 ·
1374 4116 1379 4128 ·
1590 4100 1644 4150 ms

1287 4268 1291 4276 Ι
1538 4277 1541 4286 ι

1535 4353 1539 4364 ι

1318 4387 1322 4394 -
1502 4345 1527 4400 Ι

1435 4405 1439 4414 ι
