3494 4836
246 262 449 340 uenus
488 245 635 338 turin
668 263 1074 352 t.n1recrxu.r,1.
1127 230 1201 370 πῂ
1236 283 1240 288 ·
1280 243 1298 366 j
1386 317 1390 326 -

95 451 183 528 llum
217 450 358 523 attidem
393 451 479 522 viam
515 456 583 547 pari
618 473 765 526 numero
801 453 1022 532 secundorum
1056 457 1203 541 absolvit,
1263 527 1268 544 ,

50 644 54 657 ,
96 551 323 628 solertissimus
341 554 489 624 Biantoni
505 549 570 628 ibn.
593 577 698 648 (741.
724 557 776 628 die
801 579 856 630 12.
883 557 1063 647 Februarii,
1090 557 1202 659 nobiti,
1241 630 1243 637 .

98 683 168 752 aere
185 657 382 751 tranquillo,
399 655 461 734 led
478 659 522 726 ita
537 656 671 738 nubilo,
695 676 733 728 ut
755 657 879 728 fulmen
899 675 1145 732 tormentorum
1162 687 1204 731 er

97 757 168 832 arce
186 760 317 830 Urbana
334 759 366 826 in
384 753 598 846 monasterio,
625 759 719 855 quod
738 782 794 854 30.
813 749 956 831 milliaria
978 761 1081 832 italica
1102 761 1143 832 ab
1162 788 1202 834 ea

99 863 216 948 aber-at,
230 859 335 930 oculis
351 858 496 954 usurpari
510 885 577 931 non
598 857 716 955 pollet,
739 878 811 934 tum
831 863 864 931 in
881 887 967 949 arce,
989 878 1061 935 tuin
1077 868 1111 934 in
1130 889 1202 934 mo·
1332 851 1334 866 Α

100 959 246 1045 austerio,
261 958 466 1054 explostones
487 957 558 1032 beri
576 967 710 1050 curauit,
724 961 756 1033 id
771 988 872 1054 agens
889 965 920 1034 iit
937 989 1023 1048 arce,
1047 980 1096 1048 ut,
1123 987 1203 1036 cum
1260 973 1261 980 ’

99 1067 219 1136 tonitru
231 1064 392 1134 tormenti
411 1085 449 1131 ex
470 1061 669 1136 monallerio
683 1063 871 1157 proletium
893 1061 1036 1152 audiret,
1065 1063 1208 1160 eoipse'
1249 1125 1251 1132 .

100 1181 267 1236 momento
282 1163 390 1260 pulvis
406 1165 519 1264 pyr-ius
536 1167 569 1233 in
584 1181 757 1234 tormento
772 1165 1024 1254 incenderetur,
1047 1166 1200 1262 penduli·

103 1290 161 1362 que
177 1263 397 1356 oscillatiouea
414 1283 619 1343 numeraret,
649 1289 757 1360 usque
775 1267 854 1336 duni
874 1292 996 1336 novum
1013 1273 1139 1338 tonitru
1160 1291 1200 1338 ex

102 1363 290 1440 monasterio
304 1369 506 1462 perciperet.
556 1367 714 1438 Similiter
733 1365 961 1438 observatores
986 1369 1019 1438 in
1041 1364 1199 1440 monaste·

19 1543 28 1565 ι
103 1472 158 1552 rio,
180 1491 255 1538 curn
271 1465 497 1566 explolionem
513 1467 668 1550 facerent,
696 1467 736 1540 ab
754 1471 825 1540 cius
848 1471 940 1539 initio
959 1469 1095 1564 penduli
1110 1464 1199 1538 oscil-

104 1568 231 1641 lationes
245 1567 422 1649 munerare
435 1583 631 1664 coeperunt,
645 1571 880 1640 continuantes
895 1593 1003 1664 usque
1020 1572 1098 1640 dum
1112 1569 1199 1638 toni·

105 1673 315 1744 utitormenti
330 1695 370 1740 er
385 1689 461 1740 arce
474 1669 635 1740 audirent.
706 1661 869 1754 Quatuur
891 1670 1058 1740 eiusmodi
1075 1671 1200 1762 experi-

38 1759 44 1774 ’
102 1791 205 1843 menta
223 1786 320 1869 capta
335 1768 435 1850 funt¹
492 1773 531 1842 ln
545 1767 688 1861 singulis,
705 1769 746 1841 ab
767 1765 962 1866 explosione
978 1768 1061 1842 facia
1074 1773 1107 1840 in
1125 1792 1198 1840 rno-

101 1867 246 1953 mileto,
281 1873 480 1968 ad'tempus
500 1895 567 1966 quo
586 1873 622 1944 in
637 1897 681 1942 en
702 1870 871 1944 audiretur
887 1877 1035 1969 proxima
1052 1867 1196 1964 explosio

102 1975 132 2046 iu
153 1991 224 2046 trc'e
250 1977 435 2056 conciam,
478 1993 561 2064 157.
583 1977 711 2044 minuta
743 1971 883 2044 secunda
906 1991 1087 2044 numerata
1115 1975 1200 2047 sunt.

102 2076 294 2147 Collatarum
313 2071 428 2173 postea
448 2075 540 2170 inter
562 2071 592 2144 se
609 2077 881 2158 numerariorum
895 2069 1092 2158 differentia,
1110 2069 1200 2146 haud

100 2177 277 2248 materfuit
297 2171 584 2248 tnbus'secundis.
637 2179 735 2257 Quae
762 2173 784 2244 fi
812 2199 830 2244 a
850 2197 932 2266 157.
952 2176 1103 2246 secundis
1126 2173 1199 2246 sub·

100 2277 277 2360 nituntur,
303 2277 430 2349 summa
446 2273 789 2366 relelabifartamque
806 2271 1056 2356 divilaindicat,
1081 2276 1226 2372 sonum·
1284 2355 1291 2364 ⁸

100 2377 330 2452 amonallerio
361 2376 400 2450 ad
428 2399 540 2449 arcent
573 2373 703 2448 cursum
730 2373 905 2447 confecrlle'
935 2398 995 2469 77.
1035 2375 1194 2448 fecundis.

102 2479 268 2552 Observata
284 2483 369 2552 haec
391 2479 459 2550 loni
476 2501 540 2575 per
553 2477 676 2558 aerem·
690 2475 840 2548 nubilum
860 2475 1021 2574 progresfi
1042 2477 1194 2550 celeritas

101 2583 200 2653 maior
214 2581 347 2680 quidem
365 2577 410 2653 est
428 2603 502 2660 uno.
520 2597 648 2650 minuto
664 2577 899 2650 secundo.cum
917 2579 1071 2663 dimidio,
1097 2602 1197 2673 quam

101 2684 274 2756 celeritates
299 2682 419 2780 quibus
438 2680 509 2759 soni
534 2687 572 2760 A,
594 2701 704 2774 1740·
730 2677 759 2758 u,
783 2697 823 2764 18
850 2674 1005 2773 Augusti,
1032 2698 1066 2751 et
1085 2701 1197 2771 1741.

102 2781 151 2856 die
165 2788 200 2860 6.
214 2786 381 2858 Februarii
403 2786 531 2854 excitati
552 2785 616 2852 vias
645 2779 859 2852 absolverunt.
912 2783 976 2852 Sed
992 2779 1125 2854 fortalle
1147 2805 1196 2852 ra-

100 2889 143 2957 tio
163 2881 364 2958 differentiae
384 2882 571 2980 quaerenda
590 2877 636 2952 est
655 2886 690 2951 in
708 2878 896 2974 differentia
916 2882 1033 2952 caloris
1050 2900 1083 2950 et
1094 2881 1196 2971 tngo·

99 2991 151 3063 n's.
198 2994 286 3058 Nam
300 2990 333 3056 in
346 2987 490 3061 Thetin.
502 2985 641 3075 Rcauni.
657 2983 796 3077 Spiritus
814 2987 883 3062 vini
897 2989 936 3054 A.
951 3005 1055 3079 1741.
1072 2979 1123 3050 die
1137 3001 1196 3060 12.

98 3089 187 3161 Febr.
203 3105 308 3182 attigit
323 3083 482 3185 puellum
497 3083 661 3176 glaciale„
1238 3171 1240 3176 ,

140 3196 243 3264 Sonus
258 3187 397 3262 debilior
411 3188 530 3261 eadem
545 3185 716 3258 celeritate
730 3181 844 3270 fertur,
855 3207 917 3280 qua
932 3181 1060 3256 fortior.
1089 3181 1195 3270 Quod
1252 3207 1255 3212 ·

95 3295 200 3390 primo
215 3293 423 3368 Dertanun,
448 3286 568 3358 deinde
584 3283 715 3368 Gallos,
733 3285 979 3358 observationes
997 3285 1195 3362 docuerunt.

93 3397 218 3486 Fragor
239 3421 278 3466 ex
299 3407 485 3468 tormento,
522 3390 612 3484 quud
628 3387 737 3459 Pella
756 3387 953 3485 appellatur,
974 3387 1140 3470 ‚oriundus
1161 3389 1197 3458 in

95 3497 308 3588 Observatorio
320 3487 461 3571 Parillno
476 3489 552 3588 poll
566 3491 664 3560 tilam
679 3485 847 3558 flammam
865 3491 898 3558 in
916 3489 1126 3558 Montmartre
1146 3490 1195 3558 iu·

87 3615 137 3674 tra
160 3593 241 3694 [όῖ
262 3610 298 3668 et
314 3581 429 3686 fragor
443 3618 483 3672 ex
503 3605 676 3666 tormento
695 3591 813 3657 maiori
833 3589 865 3654 in
881 3589 1093 3656 Mentmartre
1108 3588 1194 3656 exci-

52 3725 63 3738 '
85 3679 171 3780 tatus
194 3701 309 3774 tndem
329 3700 416 3767 intra
436 3685 515 3786 163⁶
536 3687 609 3788 post
628 3687 723 3760 visam
745 3683 910 3762 flarnrnatn
932 3690 965 3758 in
978 3685 1195 3780 Olfirvaturia
1218 3721 1235 3752 x

81 3809 214 3882 auditus
237 3797 285 3875 est
305 3797 360 3869 die
389 3803 443 3870 16.
465 3797 577 3866 Martii
602 3802 644 3862 A.
665 3798 789 3885 1738.¹
826 3794 864 3861 ln
888 3805 1058 3860 tormento
1079 3789 1195 3860 maiori
1223 3796 1232 3808 '

27 3947 33 3956 ·
78 3911 130 3985 sex
147 3908 253 3984 librae
267 3899 416 4002 pulveris
430 3891 579 3968 incensae
592 3893 679 3976 su'nt,
697 3891 735 3966 in
750 3895 880 3966 minore
895 3891 1036 3984 (Pelet)
1053 3913 1121 3962 non
1137 3883 1195 3964 nifi
1281 3969 1285 3977 ,

18 4052 23 4061 ·
71 4014 201 4092 tetbn.
254 4012 294 4082 In
309 4003 527 4086 Maneant
550 3995 638 4070 duae
656 3991 863 4094 explosrones
881 3989 988 4068 fellae
1011 3985 1083 4068 sunt
1109 3987 1197 4064 uitta
1240 4066 1245 4078 ,

430 4151 437 4160 -
559 4103 739 4196 ·Mni3
855 4151 914 4192 ‘.
1081 4093 1214 4191 nocie„
1305 4135 1313 4144 -

14 4249 17 4294 k
66 4250 68 4258 .
