3482 4834
413 259 421 268 “
544 279 616 359 rra
723 213 1677 354 NovatncTnsRUDtTonuMs·'·⁵

367 453 376 462 “
521 487 535 514 *³
631 479 678 528 uo
694 451 857 527 occultior
876 449 921 522 ell
939 465 1053 522 natum
1067 443 1262 522 morborum
1273 459 1401 521 nervos
1418 441 1657 534 obsidentium,

543 460 632 670 Q
657 584 699 630 eo
724 560 881 626 maiorem
902 553 1032 624 lamlem
1055 547 1180 626 Clariis.
1196 543 1330 623 'Auttm
1353 565 1522 632 meretur,
1559 551 1655 648 quod

528 661 690 753 singulari
711 655 815 728 studio
828 655 1010 739 Tetan'tim,
1029 653 1184 725 morbum
1201 679 1270 727 non
1287 651 1413 750 oppido
1428 651 1654 748 frequentem,

538 757 761 862 pertrasiavit:
811 759 912 828 Cuius
928 759 1102 828 notionem
1119 759 1270 852 antiquae
1284 751 1656 850 dotlrinae'oongnaam

538 886 752 963 proponens,
778 852 948 928 Teta'num
962 855 1179 930 universalem
1202 855 1267 928 elle
1281 855 1359 926 dicit
1376 853 1655 952 obrigescentiqm

526 965 723 1064 ¹plenariam
744 961 894 1058 corporis
918 955 1029 1030 eresti'
1042 959 1165 1040 totius,
1190 955 1256 1040 stne
1280 956 1394 1042 sobre,
1420 973 1515 1042 acute
1534 957 1655 1032 decur-

515 1106 519 1110 ·
539 1083 694 1142 rentem3
727 1059 958 1158 particularem
977 1075 1088 1133 nutem
1106 1056 1189 1148 else,
1216 1057 1363 1161 spartes
1380 1056 1560 1148 fingulares
1580 1073 1655 1131 tan·

539 1181 615 1239 tum
633 1163 849 1256 obrigescant.
899 1160 1042 1233 Morbus
1067 1163 1094 1230 is
1110 1177 1166 1232 aut
1188 1158 1464 1239 subito'inradit„
1478 1174 1534 1230 aut
1548 1159 1655 1258 pede·

539 1271 663 1346 tentim
683 1265 862 1338 hominem
886 1263 1085 1360 prehendit,
1125 1265 1229 1355 magis
1240 1287 1289 1350 ⁴ac
1312 1264 1417 1352 magis
1434 1261 1654 1344 invalesceret
1696 1317 1702 1320 .

525 1364 655 1462 :estque
680 1365 782 1436 modo
803 1361 928 1450 brevis,
955 1363 1058 1436 modo
1077 1360 1292 1449 acutissimum
1318 1361 1422 1432 modo
1444 1347 1656 1460 paroayzans

541 1489 578 1542 et
607 1466 790 1542 habitualis.
865 1469 990 1543 Torani
1014 1464 1226 1562 particularis
1249 1463 1375 1561 species
1411 1461 1482 1533 suut
1496 1461 1655 1548 tristatus,

540 1570 684 1671 spasmus
699 1569 855 1665 cynicus,
880 1565 1321 1664 Strabismussprsapismus.
1373 1559 1533 1636 Pollbaec
1551 1565 1655 1638 doce·

541 1669 715 1746 turbatus
737 1663 845 1742 morbi
862 1663 1052 1740 'differentia
1070 1693 1088 1738 a
1108 1665 1232 1762 spasmo
1251 1666 1305 1737 seu
1322 1659 1562 1753 convulfione,
1576 1668 1655 1765 opi·
1698 1683 1702 1692 '

540 1770 710 1857 llbotono,
734 1765 1025 1869 emprosthotono‚
1049 1763 1409 1884 cataboli-epilepsia,
1434 1765 1580 1842 motibus
1594 1792 1655 1838 vo·

540 1879 591 1971 gis
610 1869 814 1952 convellitis,
838 1869 985 1968 paralysi,
1011 1867 1256 1955 rheumatismo,
1284 1867 1465 1964 arrobylosi,
1488 1868 1682 1942 sebriliri·'

541 1999 637 2072 gere.
686 1977 889 2046 Enarrantur
903 1970 1023 2044 deinde
1042 1973 1169 2066 aliquot
1186 1975 1310 2044 Tetani
1327 1965 1491 2057 hilloriae,
1513 1991 1655 2066 quarum
1700 2061 1706 2066 .

430 2165 435 2173 Ι
480 2092 486 2102 “
540 2082 650 2176 prima
674 2099 713 2146 ex
731 2077 847 2148 Tomo
863 2079 905 2154 IL
931 2077 1119 2146 Comment.
1144 2075 1179 2146 in
1203 2071 1387 2169 Apborism.
1410 2072 1586 2144 Boerbavii
1608 2069 1658 2142 ab·

534 2175 658 2250 ultumi
678 2178 858 2248 Swietenio
878 2174 963 2252 edit..
976 2173 1175 2246 secundaex
1195 2178 1285 2247 Petn'
1307 2174 1383 2244 Salii
1404 2173 1531 2247 Diversi
1549 2173 1653 2248 Libro

362 2281 395 2308 ”
542 2279 585 2352 de
597 2277 693 2351 sebre
708 2273 880 2376 pestilenti,
902 2281 1003 2348 tertia
1020 2281 1059 2349 e'x
1073 2274 1540 2350 cantaminibusMedicomm
1554 2273 1654 2347 Edin-

426 2395 433 2402 “
482 2395 489 2402 ”
540 2377 755 2473 burgenstum
768 2379 928 2477 descripta
944 2377 1004 2450 oll:
1032 2396 1181 2473 quartam
1197 2373 1324 2450 Auster
1339 2376 1415 2474 ipse,
1435 2401 1512 2450 curn
1530 2372 1654 2449 dostri·

458 2533 478 2556 .-
540 2505 661 2555 narum
680 2475 792 2551 studiis
818 2491 955 2578 operam
978 2479 1089 2562 daret,
1115 2477 1296 2570 Tub'ingae
1312 2475 1401 2551 tellis
1424 2480 1564 2553 ocularis
1585 2475 1660 2549 me·-

439 2638 445 2650 .
535 2585 668 2659 «moriae
688 2581 864 2654 mandavit.
940 2585 987 2654 Er
1005 2581 1056 2650 his
1072 2595 1173 2677 atque
1190 2583 1247 2674 iis,
1279 2603 1364 2676 quae
1389 2577 1653 2672 antea-collegit,

540 2697 694 2762 veterum
707 2683 803 2773 locis,
826 2679 1045 2780 symptomata
1057 2681 1216 2764 recenset,
1241 2699 1314 2753 tum
1324 2681 1674 2760 antecedentia'tum.

540 2787 808 2867 concomitantia,
822 2801 894 2866 tum
905 2783 1135 2879 consequentia
1151 2783 1316 2858 morbum.
1343 2783 1509 2872 Morbum
1520 2799 1654 2856 antece·

369 2932 372 2940 ι
453 2979 458 2989 ¹
543 2885 628 2958 dunt
647 2885 902 2984 sapitis'dolor,
929 2890 1080 2977 gravitas,
1113 2885 1210 2960 dolor
1230 2883 1286 2957 sub
1309 2887 1496 2979 cartilagine
1513 2880 1652 2957 eostsor-

540 2991 604 3072 mi,
631 2991 688 3084 qui
716 2987 849 3082 quidem
869 3001 936 3060 tam
962 2986 1156 3084 frequenter
1173 2987 1385 3087 praecedere
1400 2989 1500 3076 solet,
1530 3003 1654 3060 uteta
1717 3001 1726 3011 “

315 3141 319 3148 ·
399 3095 401 3100 ’
541 3090 732 3174 Cdalmerio,
777 3087 934 3187 scriptore
956 3085 1133 3172 Britanno,
1174 3115 1240 3185 pro
1274 3089 1365 3180 bgno
1385 3091 1652 3185 parbognomico

537 3189 717 3277 'habeatem
752 3211 856 3286 porro
882 3189 1095 3284 lipothymia,
1127 3179 1274 3290 syncope
1283 3187 1299 3278 ,¹
1324 3208 1489 3263 tremores
1508 3207 1650 3278 artutrm,

539 3286 690 3391 peslon's
713 3305 747 3360 et
769 3287 952 3369 abdominis
980 3290 1185 3365 elevationes
1206 3293 1417 3366 alternantes,
1457 3301 1517 3364 *Aa
1542 3292 1654 3365 morbi
1720 3301 1724 3304 ’

392 3473 399 3482 ,
497 3473 500 3476 ,
541 3393 683 3465 comites
706 3389 778 3467 sunt
799 3389 962 3474 inferioris
988 3391 1138 3468 maxillae
1159 3387 1200 3472 ad
1219 3395 1419 3493 superiorem
1445 3390 1656 3490 firmaaddu·

541 3489 622 3577 flio,
643 3489 934 3583 deglutiendomm
950 3491 1087 3568 retrusio
1105 3499 1138 3567 in
1154 3521 1261 3584 nares,
1281 3513 1316 3570 ct
1333 3496 1443 3568 fauces
1460 3489 1655 3579 ettoofillae

385 3597 388 3604 ’
530 3594 653 3680 durae,
678 3592 825 3670 sensuum
842 3593 903 3672 alio
918 3611 1076 3692 tempore
1096 3601 1281 3688 integritas,
1313 3599 1376 3669 allo
1395 3597 1551 3684 abolitio,
1579 3624 1657 3676 cor·
1679 3633 1687 3640 ·

349 3715 351 3722 ’
425 3721 436 3726 “
539 3689 633 3794 poris
650 3694 757 3786 frigus
774 3697 913 3786 ingens,
941 3696 1051 3791 pulsus
1069 3697 1184 3769 debilis
1205 3695 1403 3783 admodum,
1426 3698 1557 3803 spiratio
1574 3701 1658 3775 alias

439 3872 441 3883 ,
543 3795 650 3880 boiia,
677 3795 753 3866 alias
769 3796 870 3877 mala,
896 3795 984 3873 oculi
1000 3795 1068 3889 firi,
1096 3802 1188 3871 urina
1202 3793 1375 3902 suppressa.
1426 3799 1588 3873 Morbum
1609 3803 1659 3876 se·

541 3912 690 3994 quuntur
705 3912 833 3968 artuum
855 3889 1005 3982 iaslatio,
1031 3897 1262 3980 membrorum
1276 3894 1397 3996 stupor
1407 3899 1572 3997 dolorque
1588 3905 1659 3988 sor·

236 4014 246 4026 ⁷
373 3997 374 4000 ’
516 3999 683 4086 ⁴furlum-s,
698 3993 780 4096 -Ufitis
798 3999 999 4094 vehemens,
1022 3992 1164 4077 difficilis
1186 4015 1299 4076 tamen
1315 3999 1355 4074 ab
1370 4001 1464 4073 initio
1480 4003 1661 4096 deglutitio

1554 4125 1665 4211 potu·

502 597 509 606 ἱ
534 607 538 614 ¹
