3494 4836
252 239 456 317 mensis
483 241 636 357 quun
661 231 954 315 mutuemur.
981 245 1069 320 rur.
1133 190 1210 345 ⁰³¹3,

169 425 267 520 epius
287 425 395 496 mirati
404 422 520 506 ¹sumus
538 419 715 518 smgulares
733 423 980 516 vicillitudines,
1006 429 1126 524 quibus
1140 429 1206 526 ipfr
1229 407 1233 425 ¹

169 522 334 596 librorum
360 521 609 598 scribendorum
630 531 712 600 ratio
731 553 749 598 a
766 543 822 600 tot
833 527 914 599 inde
933 527 1047 601 seculis
1068 531 1206 604 obnoxia

83 621 169 698 'brit
220 630 314 696 Num
329 623 495 724 profetlm
509 651 585 698 cum
601 633 864 728 omnitempore
883 650 996 702 mores
1010 629 1142 727 quidum
1155 635 1204 703 in·

99 721 222 798 {labiles
250 741 287 797 et
311 727 381 800 cito
394 729 551 824 perituri,
583 729 622 801 ab
641 732 775 823 ingenio
790 733 959 822 gentium,¹
984 731 1057 802 latis
1079 755 1203 816 eanum,

103 825 232 921 aliisque
248 825 352 898 rebus
371 824 578 924 pendentes,
604 831 702 903 vitam
725 833 919 912 hominum,
944 831 1134 914 societates,
1159 833 1204 900 vi·

103 921 206 1013 ttum,
221 929 423 1025 ¹colloquia,
449 926 615 1018 vestitum,
641 931 772 1028 prorsus
792 935 956 1015 rexerint;
987 945 1061 1002 tum
1082 931 1204 1004 iisdem

103 1028 333 1100 mutationibus
362 1025 538 1102 doliorum
552 1029 727 1104 hominum
745 1057 847 1131 opera
873 1023 1132 1120 succubuerunt,
1165 1045 1205 1104 ut

104 1127 313 1220 regnantibus
332 1155 372 1201 ee
394 1146 518 1216 aetate,
553 1155 617 1228 qua
637 1135 778 1230 quisque
792 1149 951 1215 vixerunt,
976 1131 1204 1230 opinionibus,

105 1245 137 1304 et
148 1229 188 1299 de
198 1229 445 1330 pulchritudine
456 1235 661 1329 utilitateque
675 1233 812 1319 iudiciis,
830 1235 994 1330 aliquanto
1012 1231 1201 1324 diligentius

56 1397 64 1407 .
105 1329 400 1406 conformarentur.
453 1339 532 1417 Qua
559 1337 591 1405 in
613 1362 650 1406 re
672 1351 851 1432 utrumque
873 1332 1010 1430 lpeElari
1034 1337 1203 1430 cupimus:

106 1431 259 1518 aterum,
279 1432 372 1528 quod
387 1436 419 1504 in
435 1425 631 1528 argumento
649 1427 809 1507 librorum
825 1435 892 1540 ipso
907 1433 1084 1525 deligendo
1097 1433 1202 1505 lortu-
1231 1477 1234 1482 ·

105 1555 142 1602 na
154 1533 313 1628 quaedam
326 1534 545 1610 vehementer
567 1535 730 1608 mutabilis
746 1535 912 1605 dominata
930 1533 984 1619 lit,
1023 1535 1107 1610 adeo
1132 1535 1202 1630 qui·

106 1631 184 1714 dun,
209 1649 247 1705 ut
260 1659 350 1706 nune
363 1636 520 1708 nemoad
534 1627 741 1709 scribendum
755 1631 811 1708 fibi
828 1637 960 1733 putaret
976 1632 1203 1722 accedendum
1275 1637 1283 1650 '
1352 1661 1361 1670 ·

107 1728 174 1822 elle,
188 1733 246 1806 nisu
262 1739 316 1832 qui
331 1732 547 1808 Arillotelem
567 1754 623 1813 aut
639 1734 833 1831 Magistrum
846 1741 1091 1808 Sententiarum
1113 1759 1204 1814 conr·
1238 1803 1259 1824 ,,
1325 1825 1328 1832 ¹
1371 1833 1382 1842 ῃ

37 1917 42 1924 ,
106 1839 265 1908 nenmriis
283 1833 576 1934 illullrarepollet3
602 1863 691 1910 nunc
704 1833 1202 1932 omniacontroterfiisperllre·

106 1951 234 2032 perent;
267 1961 358 2009 nunc
375 1939 471 2009 unice
484 1939 634 2036 placeret
652 1935 800 2026 historia,
834 1953 869 2009 et
886 1940 990 2029 magis
1006 1937 1105 2008 etiam
1126 1932 1202 2008 fitta

105 2059 196 2131 qnam
210 2041 340 2110 verior:
374 2039 532 2125 alterum,
562 2040 652 2136 quod
673 2039 893 2110 etiamlorma
911 2035 1091 2108 ethabitus
1114 2033 1202 2133 quali
1317 2058 1322 2070 “

107 2139 239 2208 exterior
251 2137 412 2214 librorum
426 2139 623 2237 pendereta
638 2138 731 2232 gustu
744 2138 858 2224 seculi,
884 2138 956 2208 satis
972 2137 1065 2232 quod
1077 2134 1203 2208 conllat

105 2239 195 2316 vuli,
223 2253 260 2312 et
281 2247 385 2326 bova,
418 2240 605 2338 praesertim
631 2239 788 2324 iucunda,
830 2237 1202 2336 protinusrrripientis.
1237 2245 1240 2264 “

107 2344 212 2433 Atque
231 2341 301 2412 huc
325 2343 474 2438 pertinet
496 2341 569 2416 sane
584 2339 879 2436 Francogrllorum
901 2337 985 2410 illud
1009 2335 1202 2422 institutum,
1290 2341 1292 2345 ’

106 2451 154 2508 tot
171 2439 416 2537 frequentatum
436 2444 612 2540 exemplis,
645 2457 682 2512 ut
696 2463 833 2512 omnem
852 2440 924 2514 iere
947 2437 1072 2511 divinae
1088 2438 1203 2510 buma-

41 2594 50 2606 .
105 2563 225 2636 uaeque
247 2537 418 2615 dotlrinae
437 2543 596 2614 ambitum
622 2543 752 2616 Lerieis
772 2540 1001 2627 includerent,
1041 2553 1076 2616 et
1098 2561 1201 2636 quom
1292 2605 1298 2612 .
1429 2527 1433 2534 ¹

105 2655 214 2712 nrum
223 2645 272 2713 rei
289 2643 411 2736 linguis
427 2657 462 2714 et
478 2643 649 2716 vocabulis
663 2645 840 2740 propriuin
861 2637 927 2715 elle
945 2636 1095 2714 voluillet
1116 2641 1203 2712 ordi·

105 2763 189 2830 nem
213 2737 297 2812 κατ’
314 2733 536 2832 ἀλφάβητον
556 2741 737 2830 differendi,
754 2729 832 2818 eum
848 2741 890 2828 ad
902 2741 1067 2838 resiplos,
1086 2737 1203 2836 aprilli·

53 2835 60 2842 ’
105 2865 159 2912 mo
172 2841 622 2944 interlenexuconiundlas,
639 2844 868 2918 transferrent.
917 2847 956 2911 ln
973 2866 1040 2937 quo
1055 2864 1137 2930 gens
1155 2845 1204 2909 in·

105 2943 241 3034 geniosa,
249 2960 284 3015 et
298 2947 331 3017 in
344 2943 519 3018 scribendo
535 2945 770 3016 amoenitatem
784 2935 984 3040 potiliimum
997 2959 1073 3010 cum
1087 2937 1204 3009 utendi

104 3047 349 3139 opportunitate
369 3043 498 3128 sauata,
523 3045 656 3139 videtur
669 3043 722 3116 illt
738 3037 1127 3139 quidemcompendiuni'
1144 3037 1203 3110 do·
1274 3117 1278 3122 ,
1342 3109 1346 3118 ,

103 3138 224 3219 dirime
246 3149 355 3219 omnis
376 3147 501 3220 facilius
525 3143 777 3240 cognoscendae
800 3141 901 3218 edere
914 3135 1065 3225 voluille;
1090 3163 1203 3237 neque
1320 3161 1325 3176 ·
1388 3175 1394 3184 ·

102 3259 214 3315 tamen
234 3247 302 3319 hoc
315 3271 463 3346 unquam
478 3247 717 3347 consequetur,
742 3261 781 3320 ut
798 3271 839 3318 ex
851 3242 903 3321 illa
918 3243 1118 3316 Lexicorum
1130 3239 1203 3328 suo·

101 3367 182 3424 rum
197 3345 456 3422 bibliothecarit
477 3374 558 3422 vere
577 3345 694 3421 tostus
707 3348 849 3450 prodeat
864 3346 1003 3444 potius,
1038 3365 1138 3441 quam
1158 3339 1205 3412 di·

99 3443 217 3531 sertus,
233 3463 267 3522 et
287 3449 469 3548 disputandi
488 3449 705 3550 probabiliter
722 3447 765 3518 de
776 3445 878 3518 rebus
894 3442 1041 3546 plurimis
1062 3444 1205 3542 peritus.

97 3545 167 3617 Sed
188 3563 225 3619 ut
239 3552 421 3645 iniquitatis
440 3549 586 3649 speciem
603 3571 741 3620 omnem
757 3543 978 3636 effugiamus,
1010 3541 1099 3614 ultro
1123 3541 1204 3629 fate-
1233 3633 1235 3637 ι
1256 3559 1261 3564 ·

95 3670 192 3734 mur,
223 3652 258 3722 in
270 3651 480 3749 alphabetico
498 3651 555 3723 illu·
572 3652 701 3723 ratione
722 3642 879 3746 praesidia·
898 3641 1059 3741 quaedem
1076 3665 1206 3718 memo·

92 3751 162 3820 rire
181 3775 251 3824 non
280 3753 529 3825 contemnende
553 3747 674 3838 inellu,l
702 3772 844 3845 eamque
867 3747 902 3816 in
926 3743 987 3816 illis
1012 3741 1206 3840 praesertim

91 3847 245 3926 eruditae
262 3856 465 3948 cognitionis
481 3851 650 3952 partibus,
673 3853 758 3950 quae
780 3842 988 3946 amplillimos
1014 3841 1120 3931 fines,
1144 3869 1204 3917 vo·
1293 3862 1302 3874 ·

88 3943 1058 4128 mntechnicorumelirrumquqzlingulariummyriadas,
1076 3946 1209 4023 etalius
1346 3996 1350 4004 .
1459 3945 1469 3956 “

150 4095 158 4116 =
512 4119 517 4128 .
596 4073 604 4128 ζ
669 4079 687 4128 r
898 4075 904 4086 ·
1102 4071 1205 4144 gene·
1332 4079 1335 4084 ·
