3482 4834
195 225 200 234 ⁵
443 355 466 368 ,,
527 275 600 374 196
705 223 1459 393 hovnncranuunr'ronuu

228 465 239 477 ”
341 489 387 550 ,·
527 463 569 540 de
593 463 730 538 edendis
747 469 781 538 in
800 461 972 562 publicum
990 459 1035 543 G.
1054 455 1098 538 G.
1115 465 1256 538 leibnitii
1273 464 1441 560 operibus,
1465 461 1528 534 illis
1543 469 1642 558 prae·
1732 525 1733 528 ,

425 603 447 620 1·
525 573 638 667 cipue,
655 593 741 665 quae
757 567 867 640 lucem
885 566 1037 640 nondum
1054 564 1215 655 viderunt,
1243 569 1394 664 excepit„
1407 563 1530 660 sbique
1548 566 1640 666 exin·
1664 633 1677 644 ,

528 671 571 744 de
595 689 724 742 enatam
746 670 840 770 spem
859 667 1010 742 nondum
1032 671 1214 770 impletam¹
1229 663 1295 742 elle
1316 671 1531 768 impatienter
1552 667 1644 738 tulit.
1725 677 1729 684 '

438 765 439 770 ἵ
529 775 568 846 Id
593 797 674 844 vero
697 771 816 844 summi
837 769 1028 868 Philosophi
1051 795 1239 846 commune
1259 766 1353 868 quass-
1371 767 1576 855 desideritim
1592 781 1641 839 ‚et

400 931 404 940 .
452 885 453 890 ’
504 868 605 974 ipfi,
637 871 774 966 egregie
793 872 839 944 de
857 875 975 944 litteris
996 863 1169 959 meruisse,-
1202 862 1428 962 honorificum
1450 867 1497 942 est
1521 895 1643 945 monu-

530 991 695 1064 mentum,-
707 975 802 1048 mihi
818 991 897 1046 vero
912 971 1085 1066 gratidima
1101 975 1164 1048 suit
1183 976 1335 1049 invitatio'
1345 973 1383 1044 ad
1396 971 1645 1070 suscipiendam,

532 1079 697 1174 omnique
713 1101 792 1149 cura
811 1073 1050 1174 perficiendam
1073 1077 1255 1152 editionem
1274 1079 1349 1148 eius
1368 1091 1512 1173 operum
1533 1073 1644 1144 Philo-

530 1179 743 1277 sophicorum
763 1194 799 1252 et
814 1177 1149 1267 Mathematicorum,
1180 1201 1266 1274 quae
1286 1171 1379 1250 edita
1393 1175 1544 1250 nondum
1557 1173 1661 1256 sunt,'

532 1283 585 1354 edi
594 1297 706 1358 tamen
719 1293 906 1354 merentur:
934 1277 998 1356 sue
1012 1282 1106 1376 quod
1122 1281 1255 1378 reliquis
1274 1279 1342 1376 ipso·
1359 1281 1489 1352 vivente
1505 1273 1643 1372 impres·

530 1379 571 1454 lis
586 1382 829 1480 supplemento,
847 1395 881 1453 et
897 1392 935 1452 ut
945 1381 990 1452 ita
1006 1381 1112 1456 dicam
1129 1381 1369 1454 commentario
1385 1381 1577 1454 authentico
1592 1379 1644 1450 in-

407 1569 411 1580 ·
434 1509 438 1516 ’
531 1483 685 1568 serviant3‘
698 1483 764 1556 sive
778 1483 869 1582 quod
884 1481 951 1580 ipsa
965 1487 1112 1558 novitate
1128 1479 1249 1584 obtem
1263 1499 1320 1573 aut
1336 1481 1538 1556 natationis
1548 1503 1644 1554 com·

336 1621 339 1628 »
403 1633 414 1646 ·
532 1581 749 1661 mendentu'n
1003 1587 1008 1593 '
1398 1643 1402 1651 ,

514 1689 521 1754 ζ
586 1679 642 1760 Ob
670 1705 856 1786 perennem
880 1681 982 1781 igitur
1003 1683 1201 1786 optimeque
1221 1684 1375 1764 meritam
1393 1685 1548 1765 leibnitii
1569 1681 1645 1786 glo·

465 1813 469 1820 ·
532 1794 626 1872 riam,
652 1805 688 1862 et·
707 1790 751 1862 ob
773 1789 1028 1864 selicem'Soculi
1047 1787 1147 1862 nostri
1166 1791 1296 1883 gustum
1313 1808 1352 1864 et
1366 1795 1505 1886 genium
1516 1809 1646 1880 certus,

533 1887 746 1992 propofitum
761 1891 842 1964 mihi
861 1913 950 1990 opus·
968 1884 1063 1966 nulla
1080 1895 1144 1964 iam
1162 1893 1459 1992 commendatione
1476 1909 1533 1966 aut·
1548 1901 1646 1992 Apo·

534 1997 626 2088 logia
648 1991 811 2088 indigere,
834 1998 950 2092 paucis
975 1992 1208 2083 tantummodo
1234 1993 1524 2068 demonstrandum
1545 1991 1691 2094 putos-

185 2113 190 2120 “
272 2103 282 2125 '
533 2096 624 2172 hanc
643 2091 879 2170 secundissimis.
903 2093 1047 2198 auspiciis
1071 2118 1088 2169 a
1108 2124 1165 2169 me
1185 2095 1363 2194 susceptam
1385 2098 1540 2170 Leibnitii
1560 2123 1645 2198 ope·

453 2243 459 2250 -
534 2224 612 2274 rum
631 2191 829 2286 editionem,
848 2191 955 2288 bene,
977 2211 1138 2296 quantum
1156 2203 1195 2280 in
1206 2197 1343 2283 meest,
1367 2213 1402 2272 et
1420 2197 1548 2298 absque
1555 2225 1646 2302 pro·

394 2363 403 2378 ,
535 2301 766 2376 crastinatione
780 2301 847 2375 ulla
864 2313 919 2372 me
933 2295 1165 2376 absoluturum.
1530 2377 1533 2382 ,

479 2449 493 2457 -
525 2397 527 2400 ’
576 2409 642 2476 De
660 2427 729 2501 quo
743 2415 780 2474 ut
790 2401 890 2474 sidem
902 2401 1028 2488 seciam,
1040 2391 1242 2478 devotidimo
1258 2395 1646 2502 gratillimoqueaffetiu

459 2575 468 2588 ,
534 2506 671 2601 gloriari
696 2503 777 2606 mihi
804 2503 931 2585 licebit,
951 2503 1180 2599 lllluslrillimis‘
1213 2505 1564 2606 Excellentislimisque
1594 2515 1647 2587 M.
1716 2595 1720 2600 Ι

535 2611 617 2680 Brit.
637 2605 737 2698 Regis
763 2608 796 2677 in
818 2609 914 2677 terris
934 2607 1114 2702 Brunsuico
1144 2605 1388 2700 Luneburgicio
1404 2615 1514 2699 Status
1530 2604 1645 2688 admi-

470 2753 479 2766 ·
535 2704 640 2784 nillris
656 2701 905 2780 meumhocce
920 2701 1094 2780 confilium·
1109 2706 1283 2805 placuisse,
1306 2704 1413 2782 immo
1426 2737 1495 2810 pro.
1507 2711 1647 2804 illorum

409 2879 421 2887 ,
535 2803 758 2906 gratiosissimo
773 2809 807 2880 in
827 2835 883 2882 me
899 2810 1025 2892 favore
1039 2826 1074 2882 et
1094 2807 1336 2900 generofiffinro
1351 2807 1447 2884 bonis
1464 2813 1576 2887 litteris
1592 2821 1647 2890 in·

526 2907 699 2985 'serviendi
715 2909 833 3008 sludiu,
860 2905 974 2984 lllullr‘i
990 2915 1117 3006 lungio‚
1134 2906 1324 2986 Confiliario
1336 2929 1373 2985 et
1384 2915 1645 2994 bibliothecario
1717 2927 1731 2938 “

535 3015 662 3106 Regio,
685 3009 866 3084 institutum
887 3037 1003 3086 meum
1020 3012 1298 3112 commendante,
1324 3014 1430 3088 datam
1446 3015 1647 3095 etiam‘mihi
1728 3103 1733 3112 ι

533 3114 603 3186 elle
619 3114 816 3200 libertatem,
844 3112 966 3210 publici
982 3119 1061 3186 iuris
1078 3110 1215 3188 faciendi
1234 3113 1389 3214 quicquid
1411 3117 1456 3204 est
1473 3121 1508 3192 in
1525 3123 1647 3198 Biblio.

335 3299 342 3322 Ι
455 3289 461 3300 ,
535 3215 637 3290 theca
660 3215 767 3285 nostra
785 3218 879 3306 regia·
897 3215 1191 3312 manuscriptorum
1208 3217 1372 3306 leibnitii,
1396 3219 1675 3321 Philosophicas'

422 3369 428 3380 .
536 3315 856 3410 eutMathematicas
866 3313 1045 3413 disciplinas
1057 3323 1347 3394 xconcernentium.
1399 3327 1437 3393 ln
1453 3321 1539 3397 illam
1553 3349 1646 3410 vero,
1682 3375 1691 3385 ·

490 3463 494 3470 -
535 3412 637 3511 regiis
658 3413 826 3504 sumtibus,
849 3439 914 3490 una
937 3441 1015 3490 cum
1031 3417 1241 3494 Bibliotheca
1259 3419 1414 3506 translata
1435 3423 1509 3498 furit
1531 3434 1645 3503 omnia
1731 3437 1732 3440 ’

514 3522 607 3594 ¹eius
630 3517 864 3616 rnanuscripta3
892 3536 927 3591 et
939 3541 1004 3614 ego
1017 3537 1110 3594 tanto
1126 3521 1238 3594 favore
1256 3531 1413 3624 tantaque
1427 3523 1561 3603 fortuna
1575 3533 1645 3630 pla·
1669 3564 1673 3570 ·
1710 3537 1716 3542 ’

534 3649 582 3698 ne
606 3645 661 3694 me
680 3621 857 3713 indignum
878 3635 1087 3722 reputarem,
1121 3623 1176 3695 nih
1193 3622 1237 3696 sto
1253 3641 1376 3714 uterer,
1395 3634 1443 3700 uti
1455 3633 1645 3706 immortale

535 3717 692 3796 Leibnitii
710 3715 892 3812 nomen‚'et
903 3726 1030 3820 publici
1044 3727 1189 3818 litterarii
1205 3725 1536 3828 derideriumquibus
1548 3725 1644 3807 Sinn-

534 3844 671 3896 morum
686 3827 921 3911 Maecenatum
944 3848 1024 3900 cura
1039 3826 1220 3898 consultum
1237 3825 1332 3901 simul
1354 3827 1475 3918 voluit,
1510 3839 1647 3928 erigere

352 3995 353 4003 χ
399 3967 402 3973 -
447 3999 451 4004 ,
523 3921 693 4000 'videntur
748 3933 796 3998 Ut
811 3931 912 4019 igitur
931 3927 1070 3998 sollicite
1088 3952 1212 4022 curem,
1239 3955 1282 4028 ne
1301 3931 1378 4028 quid
1395 3934 1580 4008 Leibnitius
1604 3965 1649 4012 ex

534 4022 685 4101 editione
705 4051 781 4120 mea
800 4029 990 4114 detrimenti
1008 4033 1129 4130 capiat,
1161 4035 1334 4132 totiesque
1356 4033 1479 4110 abaliis
1494 4039 1651 4116 frustrata

680 4173 685 4178 ·
903 4161 909 4172 ’
1347 4201 1356 4208 .
1435 4203 1438 4208 ,
1581 4147 1652 4222 rei·
