3540 4840
107 351 111 358 ,
238 197 443 346 nausis
468 261 725 346 ruonarr
748 275 790 346 a.
814 263 1095 390 nucerini.
1149 277 1224 386 aar
1258 257 1260 260 ’

47 443 51 451 ’
121 445 304 528 rationemon
320 454 453 518 omnium
466 453 524 542 elle
538 461 730 544 populorum.
743 457 867 523 Persona
880 455 960 525 enim
976 455 1104 546 publiea,
1124 447 1219 533 multe

100 543 104 550 ’
119 545 292 622 consument,
315 539 482 624 producent
493 541 577 618 nihil,
599 565 667 608 cum
681 545 733 607 nist
748 565 802 627 per
819 549 1020 608 membrorum
1033 549 1218 632 singulorum

121 629 251 699 laborem,
266 643 299 690 et
311 625 411 710 perid,
420 629 502 706 quod
511 632 545 690 ab
553 629 605 690 usu
613 649 717 693 eorum
726 629 912 714 relinquitur,
927 631 1142 699 subsiderenon
1150 635 1219 719 pbr:

120 711 163 780 lira
183 713 233 774 ille
249 727 347 773 autem
362 709 488 774 excelsus
503 733 518 773 a
533 709 629 777 terrae
642 712 807 788 fertilitate,
820 717 953 779 culturae
967 737 1002 780 ac
1015 716 1217 800 proventuum
1237 753 1242 756 ·

114 797 234 870 ratione,
249 796 413 858 incolarum
429 797 546 872 viribus,
563 798 635 860 item
645 797 858 861 consumtionia
870 801 967 882 copia,
989 803 1114 886 aliisque
1128 807 1217 868 rebur

113 881 242 962 pendeat,
252 899 329 959 quae
345 881 375 941 in
389 881 452 946 aliis
465 881 637 962 regionibus
650 883 724 947 aliae
736 883 821 954 sunta
854 903 947 967 porro
961 903 1030 948 cum
1043 889 1218 972 tributaprr·
1332 931 1343 942 -

119 965 184 1028 blica
199 965 307 1026 linteo
324 966 444 1043 quidem
460 966 639 1041 onerosiora,
655 987 717 1048 quo
731 967 850 1050 longius
866 989 884 1029 a
893 968 992 1050 priato
1006 970 1058 1033 suo
1072 973 1159 1038 fonte
1173 973 1216 1036 di-

117 1047 258 1122 feruentia,
273 1050 384 1110 tardius
398 1049 428 1111 in
444 1069 493 1118 eae
505 1053 631 1114 redeunt
642 1071 753 1128 manus,
770 1051 850 1115 unde
864 1056 997 1136 profefla
1013 1053 1094 1131 sunt,
1117 1059 1147 1119 itl
1166 1077 1215 1120 au·

92 1205 97 1212 ,
116 1150 168 1196 tem
181 1133 237 1198 boc
251 1128 304 1196 fiat
315 1133 435 1208 tardius,
447 1154 511 1214 ¹quo
527 1137 709 1217 pautlorum,
724 1137 754 1200 in
770 1139 900 1203 manibus
915 1139 1094 1222 principatus
1108 1141 1215 1206 consti·
1310 1165 1328 1196 π

43 1240 44 1243 ¹
108 1219 254 1280 'tutuaellr
275 1219 475 1282 monarchiam
489 1219 563 1281 solia
572 1222 738 1285 nationibus
752 1221 1133 1304 opulentis,atillocratiam
1150 1247 1214 1290 me·
1270 1286 1273 1293 .

118 1301 261 1378 diocribus,
277 1303 486 1368 democratiam
501 1305 828 1369 tandemtenuiburelle
838 1309 1099 1384 accommodatam,
1115 1309 1215 1374 neces·

41 1420 42 1427 κ
119 1386 179 1449 fario
194 1387 337 1468 sequitur.
360 1387 479 1451 Habent
494 1389 586 1472 igitur
595 1389 703 1472 finguli
718 1405 862 1453 terrarum
873 1379 1214 1458 trallunterras'infera·
1282 1411 1283 1416 ’

48 1477 52 1484 “
119 1469 209 1546 nones,
223 1493 278 1534 cur
292 1471 345 1534 hac
360 1477 459 1556 potine¹
474 1471 563 1554 quam
580 1474 636 1536 alia
648 1477 745 1536 forma
756 1477 882 1538 debeant
894 1475 1100 1547 administratia
1122 1495 1154 1541 et
1165 1501 1212 1542 ce·

119 1555 258 1620 ldioribus
270 1559 356 1620 terris
370 1557 573 1639 despotismur,
587 1557 707 1640 frigidir
716 1559 870 1633 barbarica,
888 1579 1023 1640 quaeque
1029 1563 1105 1626 inter
1111 1583 1159 1626 eas
1167 1566 1215 1628 in·

69 1691 75 1698 .
119 1643 244 1704 ruiatent
265 1643 398 1724 regimen
414 1644 545 1717 liberius,
569 1663 624 1726 per
637 1641 762 1724 ipsarum
777 1661 908 1706 naturam
919 1661 985 1725 apta
993 1645 1067 1708 sunt.
1090 1645 1212 1712 Nonest

44 1734 47 1757 ³
111 1742 206 1802 ‚ratem
222 1727 243 1787 fr
259 1745 293 1789 ea
309 1746 385 1806 quae
399 1727 473 1790 alifia
487 1725 751 1809 fiantapplicaread
761 1727 890 1809 singulos
900 1729 979 1790 asur
986 1731 1210 1808 reflevelimue,

117 1807 166 1871 bia
177 1809 383 1874 condideranda
405 1827 547 1874 terrarum
562 1814 700 1875 fertilitas
712 1811 900 1881 llerilitarvet
927 1811 975 1875 fed
990 1815 1105 1876 cultura
1119 1815 1210 1882 eriam

43 1895 44 1900 ’
117 1895 191 1975 mgis
199 1899 248 1960 vel
260 1897 357 1976 minus
369 1895 522 1971 laboriosa,
536 1895 747 1960 consumrionis
757 1895 866 1961 diversa
875 1896 972 1980 copia,
984 1897 1114 1988 ipsorum
1127 1902 1209 1966 cibo«
1237 1929 1241 1937 ·

42 2054 43 2057 ¹
63 2039 67 2047 ,
118 1994 169 2040 runr
181 2001 212 2044 ac
227 1979 563 2066 provennrtim‘natura,
579 1999 728 2062 quamque
747 1980 871 2046 habeant
883 1980 944 2043 vim
957 1980 993 2063 ad
1008 1983 1207 2061 nutriendum,

48 2109 49 2114 η
118 2075 247 2142 tertarum
268 2066 397 2145 denique
420 2068 585 2149 amplitudo
605 2066 715 2129 diversa
736 2067 771 2129 ab
796 2066 953 2129 hominum
968 2085 985 2129 a
1001 2069 1106 2148 quibua
1126 2065 1227 2133 lrabi·.

45 2224 47 2228 ,
113 2151 196 2212 'antur
209 2151 360 2233 inaequali
379 2147 484 2234 c'opia,
512 2151 620 2215 debent
640 2151 742 2214 tenire
760 2149 790 2214 in
805 2152 932 2214 censum.
1014 2151 1017 2158 ’
1105 2213 1116 2224 ,

118 2231 1208 2405 ,aballl‘llllllsslllllllllibli‘llllllllll

337 2347 355 2386 u
641 2369 647 2396 r

115 2368 237 2470 dealem²
249 2345 429 2474 insumatur
443 2399 716 2487 ira,'utrequirarnr
726 2407 846 2488 aliquod
854 2394 976 2488 fignuni,
990 2427 1050 2488 qno
1059 2410 1208 2491 populum
1258 2488 1260 2492 .

117 2487 233 2564 benevel
250 2497 329 2556 male
343 2493 405 2576 regi
415 2508 567 2575 appareat:
589 2509 655 2554 tum
666 2513 739 2554 vero
752 2492 949 2574 respiciendus
963 2493 1019 2554 etit
1032 2496 1155 2556 maxime
1171 2492 1206 2554 fi·
1221 2505 1222 2508 ’

116 2573 149 2634 nia
161 2576 250 2640 initae
259 2579 406 2642 societatis
428 2577 530 2642 civilis.
575 2577 720 2652 Quicum
736 2576 771 2639 frt
784 2575 968 2639 conservatio
984 2593 1017 2638 et
1029 2576 1206 2659 prosperitas

106 2665 311 2738 membrorum,
331 2683 367 2727 er
383 2683 508 2726 numero
525 2681 558 2726 et
570 2662 816 2744 multiplicatione
830 2661 946 2742 generlt
962 2659 1206 2744 praecipueaelli·

113 2737 233 2810 rundae‘r
258 2747 406 2812 illumelle
419 2749 550 2811 omnium
560 2749 706 2830 optimum
721 2745 925 2830 principatum,
941 2743 991 2806 fub
1007 2765 1077 2825 quo,
1096 2749 1206 2826 absque

115 2847 162 2906 ope
172 2833 274 2908 aliena,
286 2835 411 2898 maxime
427 2847 551 2913 augetur
566 2849 598 2896 er
608 2833 821 2914 multiplicatur
834 2831 929 2909 aliqua
943 2830 1033 2902 natio,
1049 2831 1136 2893 facile
1146 2830 1205 2893 cui·

115 2915 250 2995 deputata
273 2919 434 3001 pellimum,
450 2920 480 2978 in
493 2936 554 2996 quo
569 2915 644 2977 ratio
654 2916 722 2977 huic
733 2915 880 2976 'contraria
892 2912 1017 2976 obtinet.
1038 2915 1139 2974 Minus
1151 2913 1219 2992 igi-.
1257 2984 1261 2992 ι

113 3009 303 3084 mrapparens
319 2995 414 3084 aliqua
430 3002 556 3080 requies,
572 2999 797 3081 principumque
811 2995 1015 3076 tranquillitas,
1034 3014 1122 3075 quarn
1131 2997 1207 3079 salue

113 3087 279 3151 er'conditio
296 3085 401 3170 populi
415 3083 542 3150 univerli
554 3083 596 3148 est
612 3082 796 3146 attendenda
839 3081 964 3141 Galliam
976 3083 1114 3142 maximas
1128 3080 1206 3144 inter

43 3224 44 3229 ,
111 3172 305 3245 potentiorum
317 3170 623 3244 turbat,etGraeciam
633 3163 913 3250 olimcopiofrffimo
923 3162 1046 3248 profuso
1055 3163 1204 3248 sanguine,

106 3249 776 3334 *liberrimaeflorentilirmasquefuilleconllat.
873 3295 876 3300 -
955 3298 959 3306 .
1027 3291 1028 3298 κ

148 3339 277 3412 „Vitium
290 3340 346 3418 eli,
369 3339 627 3423 corpori-politico
643 3336 711 3402 in'de
725 3339 761 3400 ab
774 3353 843 3401 ortu
859 3335 911 3400 liro
925 3335 1090 3402 constanter
1105 3338 1205 3402 inbae-

47 3436 50 3446 ’
112 3437 176 3494 ΝΜ,
189 3443 220 3486 ut
235 3437 384 3509 perpetuo
399 3427 537 3491 voluntas
552 3423 732 3506 particularis
748 3440 851 3484 eontra
866 3425 1044 3504 generalem,
1068 3422 1204 3503 princepe

110 3511 497 3594 agattontralitprematuma
516 3509 704 3586 qua‘demum
713 3506 835 3579 albione,
852 3520 919 3566 eum
930 3527 983 3585 per
991 3504 1205 3585 aliuscorporie

110 3587 286 3658 resilientium
301 3587 505 3675 aequilibrium
514 3591 580 3654 fieri
593 3605 730 3670 nequeat,
743 3589 828 3651 citius
836 3589 946 3650 tardius
955 3591 1092 3670 princeps
1102 3587 1204 3670 oppri·
1268 3593 1275 3610 ⁸
1300 3598 1306 3616 ’
1410 3631 1415 3640 .

109 3688 181 3736 mens
194 3675 402 3760 suprimatum,
423 3681 539 3760 pallum
554 3675 689 3738 dillolvet
706 3673 821 3734 sociale.
866 3671 940 3734 Sunt
957 3689 1055 3734 autem
1070 3673 1145 3734 duae
1159 3694 1211 3736 rar

108 3757 205 3838 tiones,
223 3765 329 3844 quibus
344 3765 522 3844 degenerare
534 3760 711 3840 principatus
725 3757 817 3820 soleta
839 3775 905 3832 una,
925 3755 1011 3836 ipsius
1026 3757 1203 3848 conrl’latiot

105 3843 198 3920 altera,
213 3849 472 3914 dilfolutiossatur.
514 3847 570 3906 Illa
587 3842 622 3906 fit
636 3843 754 3905 transitu
768 3863 783 3904 a
800 3842 904 3902 maiori
919 3859 1044 3902 nurnero
1058 3842 1091 3902 ad
1107 3841 1204 3905 mino·

107 3944 171 4004 run,
184 3933 377 3997 inclinatione
392 3933 444 4015 ipfr
459 3929 592 4005 naturali,
606 3945 641 3990 ut
655 3945 686 3992 et
693 3929 809 3990 Veneta
819 3925 934 3988 historia
950 3931 1135 4007 comprobat,
1151 3934 1211 3992 ned

105 4029 156 4088 que
169 4017 366 4080 Romanarum
381 4035 481 4080 rerum
495 4013 637 4076 memoria
649 4014 773 4084 refellit,
791 4012 822 4086 fi,
840 4011 921 4090 quod
935 4030 982 4073 rer
995 4010 1129 4092 postulat,
1151 4035 1203 4076 ve·
1224 4018 1227 4022 ’
1320 4027 1326 4038 ·

43 4145 44 4148 ,
105 4091 259 4162 ram‘buius
273 4105 454 4182 reipublicae
467 4098 663 4183 originem,ar
675 4099 795 4162 alteram
818 4094 893 4176 quali
908 4095 1090 4162 nativitatem
1105 4099 1204 4160 aTat·

92 4182 205 4256 -quiniis
216 4187 360 4268 expullisa
389 4189 503 4250 formae
516 4199 612 4246 autetu
626 4181 840 4266 perfeflionem
857 4181 1071 4244 democraticae
1085 4203 1099 4242 a
1114 4183 1203 4242 tribu·
1312 4235 1314 4239 .

43 4344 45 4355 1
70 4359 73 4366 Ι
103 4281 183 4332 aaut
195 4267 380 4364 aubitatione
400 4268 593 4355 reputaveris.
623 4267 722 4414 &pop
735 4283 836 4416 paoem
852 4267 962 4336 duabus
977 4269 1103 4330 maxime
1118 4267 1212 4415 rppltpp
1315 4399 1324 4406 „
